state,Month,Year,handgun,long_gun,other,month,permit,Total Sales
California,Apr,2010,26170,27650,0,2010-04,26930,80750
California,Apr,2011,30345,29788,0,2011-04,26912,87045
California,Apr,2012,29500,30211,59,2012-04,29961,89731
California,Apr,2013,34701,42516,72,2013-04,32066,109355
California,Apr,2014,40847,29602,4030,2014-04,58879,133358
California,Apr,2015,35479,25542,4370,2015-04,48166,113557
California,Apr,2016,41862,30133,5247,2016-04,93023,170265
California,Apr,2017,45182,24898,3104,2017-04,58147,131331
California,Apr,2018,37814,25571,3736,2018-04,53448,120569
California,Apr,2019,37484,25895,4204,2019-04,46004,113587
California,Apr,2020,59219,31759,6330,2020-04,24460,121768
California,Apr,2021,44095,30019,7117,2021-04,17570,98801
California,Apr,2022,38217,25572,5595,2022-04,17944,87328
California,Apr,2023,35813,23385,5158,2023-04,24760,89116
California,Aug,2009,17376,21212,0,2009-08,27339,65927
California,Aug,2010,18686,22110,0,2010-08,24503,65299
California,Aug,2011,23431,27619,0,2011-08,25109,76159
California,Aug,2012,29494,31911,63,2012-08,25118,86586
California,Aug,2013,31020,39974,74,2013-08,39311,110379
California,Aug,2014,38710,30590,3454,2014-08,45625,118379
California,Aug,2015,33938,26257,3935,2015-08,59988,124118
California,Aug,2016,43344,43552,13186,2016-08,75535,175617
California,Aug,2017,41110,26220,3058,2017-08,59528,129916
California,Aug,2018,34617,25666,3117,2018-08,38687,102087
California,Aug,2019,36607,25247,3837,2019-08,26631,92322
California,Aug,2020,65196,38505,8409,2020-08,33056,145166
California,Aug,2021,41275,28433,5995,2021-08,17798,93501
California,Aug,2022,39236,25005,5743,2022-08,39274,109258
California,Aug,2023,32817,22053,4091,2023-08,33355,92316
California,Dec,2009,19496,27200,0,2009-12,22518,69214
California,Dec,2010,24519,32100,0,2010-12,24901,81520
California,Dec,2011,29452,36425,54,2011-12,23007,88938
California,Dec,2012,51731,73026,91,2012-12,25144,149992
California,Dec,2013,34360,70609,68,2013-12,32778,137815
California,Dec,2014,66770,47409,6956,2014-12,41907,163042
California,Dec,2015,74399,48762,9583,2015-12,119166,251910
California,Dec,2016,63649,93224,77929,2016-12,61808,296610
California,Dec,2017,47613,35240,4885,2017-12,53885,141623
California,Dec,2018,40445,34180,3808,2018-12,30754,109187
California,Dec,2019,40637,30780,4883,2019-12,29544,105844
California,Dec,2020,59909,39389,6932,2020-12,26034,132264
California,Dec,2021,46627,31488,5894,2021-12,15528,99537
California,Dec,2022,40213,28073,5523,2022-12,22839,96648
California,Feb,2010,19706,21016,0,2010-02,23478,64200
California,Feb,2011,24348,24119,0,2011-02,19003,67470
California,Feb,2012,30902,31877,72,2012-02,25314,88165
California,Feb,2013,38087,46026,97,2013-02,23358,107568
California,Feb,2014,39048,29728,4280,2014-02,36848,109904
California,Feb,2015,37478,27480,4417,2015-02,42920,112295
California,Feb,2016,44461,29486,5283,2016-02,134211,213441
California,Feb,2017,44363,24987,2898,2017-02,56533,128781
California,Feb,2018,38531,24768,3940,2018-02,39165,106404
California,Feb,2019,36424,22506,3932,2019-02,33102,95964
California,Feb,2020,35570,22645,4221,2020-02,32002,94438
California,Feb,2021,40789,27915,6499,2021-02,16025,91228
California,Feb,2022,36362,23017,4941,2022-02,15815,80135
California,Feb,2023,36098,21837,4641,2023-02,21763,84339
California,Jan,2010,18280,20059,0,2010-01,24653,62992
California,Jan,2011,23418,22708,0,2011-01,22856,68982
California,Jan,2012,25812,25757,59,2012-01,23099,74727
California,Jan,2013,51025,54527,96,2013-01,26591,132239
California,Jan,2014,33834,27585,3822,2014-01,33962,99203
California,Jan,2015,37560,23524,4060,2015-01,47134,112278
California,Jan,2016,52139,32970,7054,2016-01,127715,219878
California,Jan,2017,41516,22686,2898,2017-01,62397,129497
California,Jan,2018,37335,22919,3495,2018-01,55292,119041
California,Jan,2019,35861,23195,4035,2019-01,34585,97676
California,Jan,2020,34884,22057,4131,2020-01,34694,95766
California,Jan,2021,55103,36179,6807,2021-01,19078,117167
California,Jan,2022,36971,24010,5150,2022-01,15010,81141
California,Jan,2023,35181,21735,4949,2023-01,21900,83765
California,Jul,2009,18555,17211,0,2009-07,25623,61389
California,Jul,2010,19019,19505,0,2010-07,24115,62639
California,Jul,2011,21925,21196,0,2011-07,19266,62387
California,Jul,2012,26313,27530,52,2012-07,26121,80016
California,Jul,2013,29531,31564,75,2013-07,38286,99456
California,Jul,2014,34912,24482,3254,2014-07,40766,103414
California,Jul,2015,39980,27844,3995,2015-07,67429,139248
California,Jul,2016,46361,47594,17297,2016-07,77962,189214
California,Jul,2017,37027,21721,2514,2017-07,52610,113872
California,Jul,2018,30486,21136,3054,2018-07,39153,93829
California,Jul,2019,30400,20830,3485,2019-07,27930,82645
California,Jul,2020,67672,38618,7530,2020-07,35097,148917
California,Jul,2021,41996,26036,5945,2021-07,16911,90888
California,Jul,2022,41159,23489,6090,2022-07,22621,93359
California,Jul,2023,30198,18567,3953,2023-07,30393,83111
California,Jun,2009,20060,18949,0,2009-06,24176,63185
California,Jun,2010,17778,18802,0,2010-06,25276,61856
California,Jun,2011,24632,24012,0,2011-06,26673,75317
California,Jun,2012,26514,27427,87,2012-06,30722,84750
California,Jun,2013,29702,35007,78,2013-06,43693,108480
California,Jun,2014,34232,24557,3818,2014-06,39245,101852
California,Jun,2015,33287,22795,3763,2015-06,51944,111789
California,Jun,2016,43042,37512,10673,2016-06,81628,172855
California,Jun,2017,42726,23807,2763,2017-06,60142,129438
California,Jun,2018,32684,23612,3921,2018-06,38623,98840
California,Jun,2019,38712,27050,4856,2019-06,39303,109921
California,Jun,2020,76210,40933,8487,2020-06,31700,157330
California,Jun,2021,42689,28180,7523,2021-06,19320,97712
California,Jun,2022,43113,27018,7422,2022-06,20367,97920
California,Jun,2023,33746,21016,4539,2023-06,28968,88269
California,Mar,2010,23487,25449,0,2010-03,25069,74005
California,Mar,2011,29994,30323,0,2011-03,23865,84182
California,Mar,2012,36137,38797,74,2012-03,31724,106732
California,Mar,2013,38013,48181,80,2013-03,29750,116024
California,Mar,2014,45089,34352,4833,2014-03,52153,136427
California,Mar,2015,38597,30120,3822,2015-03,126134,198673
California,Mar,2016,45266,31454,6007,2016-03,117206,199933
California,Mar,2017,48732,27839,3032,2017-03,65892,145495
California,Mar,2018,47425,32189,4802,2018-03,50714,135130
California,Mar,2019,42551,28146,4299,2019-03,46812,121808
California,Mar,2020,81543,48616,5041,2020-03,27792,162992
California,Mar,2021,50271,35334,7327,2021-03,17904,110836
California,Mar,2022,43976,29658,6490,2022-03,19327,99451
California,Mar,2023,40714,26473,5455,2023-03,25878,98520
California,May,2010,19464,20997,0,2010-05,28855,69316
California,May,2011,22849,22801,0,2011-05,20807,66457
California,May,2012,27699,27093,72,2012-05,28299,83163
California,May,2013,31638,37157,71,2013-05,42804,111670
California,May,2014,38192,26630,3879,2014-05,50964,119665
California,May,2015,36049,25174,3848,2015-05,53467,118538
California,May,2016,38301,28723,6124,2016-05,91841,164989
California,May,2017,42442,24495,2760,2017-05,58722,128419
California,May,2018,34433,24797,3995,2018-05,40430,103655
California,May,2019,36314,24718,4700,2019-05,45237,110969
California,May,2020,50811,28550,6499,2020-05,23948,109808
California,May,2021,40160,25824,5576,2021-05,20742,92302
California,May,2022,37659,23729,5143,2022-05,18159,84690
California,May,2023,34421,21695,4841,2023-05,25144,86101
California,Nov,2009,16571,22677,0,2009-11,17144,56392
California,Nov,2010,18478,24984,0,2010-11,20531,63993
California,Nov,2011,23885,30091,49,2011-11,19427,73452
California,Nov,2012,35855,49929,74,2012-11,27231,113089
California,Nov,2013,31163,43714,84,2013-11,33427,108388
California,Nov,2014,43779,34964,4087,2014-11,48671,131501
California,Nov,2015,41181,35007,4559,2015-11,98452,179199
California,Nov,2016,56932,82554,30133,2016-11,53278,222897
California,Nov,2017,44710,35910,4241,2017-11,54897,139758
California,Nov,2018,36997,30913,3606,2018-11,33942,105458
California,Nov,2019,34345,25063,3564,2019-11,29002,91974
California,Nov,2020,56793,37256,7391,2020-11,28797,130237
California,Nov,2021,40966,29795,5177,2021-11,14038,89976
California,Nov,2022,37386,25634,4888,2022-11,24117,92025
California,Oct,2009,17537,19713,0,2009-10,27218,64468
California,Oct,2010,21351,22352,0,2010-10,25131,68834
California,Oct,2011,26693,28249,44,2011-10,28127,83113
California,Oct,2012,28860,30305,54,2012-10,29124,88343
California,Oct,2013,30693,37814,132,2013-10,45148,113787
California,Oct,2014,42829,30607,3536,2014-10,50300,127272
California,Oct,2015,37977,26151,3912,2015-10,94134,162174
California,Oct,2016,45785,54333,19226,2016-10,60578,179922
California,Oct,2017,39879,25749,3646,2017-10,49259,118533
California,Oct,2018,32567,23213,2738,2018-10,42223,100741
California,Oct,2019,32128,23005,4198,2019-10,36057,95388
California,Oct,2020,65376,40286,8319,2020-10,36719,150700
California,Oct,2021,40185,28159,5364,2021-10,15704,89412
California,Oct,2022,36991,22350,4451,2022-10,27623,91415
California,Sep,2009,15805,19228,0,2009-09,27887,62920
California,Sep,2010,18221,20434,0,2010-09,21810,60465
California,Sep,2011,22197,23657,39,2011-09,23573,69466
California,Sep,2012,26752,29344,52,2012-09,22200,78348
California,Sep,2013,27422,39102,75,2013-09,36741,103340
California,Sep,2014,37720,28503,3278,2014-09,48291,117792
California,Sep,2015,31897,24471,3429,2015-09,64698,124495
California,Sep,2016,39213,43015,13548,2016-09,62196,157972
California,Sep,2017,37165,24581,2984,2017-09,57839,122569
California,Sep,2018,29772,23788,2977,2018-09,34638,91175
California,Sep,2019,30776,22726,3524,2019-09,37637,94663
California,Sep,2020,61258,36638,7815,2020-09,32998,138709
California,Sep,2021,37842,27880,6190,2021-09,17520,89432
California,Sep,2022,34417,22375,4527,2022-09,39113,100432
California,Sep,2023,33792,20548,4295,2023-09,28611,87246
Florida,Apr,2010,26817,12952,0,2010-04,1,39770
Florida,Apr,2011,30697,14985,0,2011-04,0,45682
Florida,Apr,2012,34847,18257,703,2012-04,0,53807
Florida,Apr,2013,41943,25404,2086,2013-04,29479,98912
Florida,Apr,2014,37470,19213,1728,2014-04,31586,89997
Florida,Apr,2015,40786,18180,1996,2015-04,16049,77011
Florida,Apr,2016,48697,19716,2788,2016-04,27570,98771
Florida,Apr,2017,52889,19489,3290,2017-04,22072,97740
Florida,Apr,2018,50172,18650,4446,2018-04,22491,95759
Florida,Apr,2019,48329,15125,3652,2019-04,18613,85719
Florida,Apr,2020,84431,26731,4897,2020-04,2258,118317
Florida,Apr,2021,79583,30218,6345,2021-04,37324,153470
Florida,Apr,2022,65359,22430,4912,2022-04,22255,114956
Florida,Apr,2023,69152,24519,4616,2023-04,15760,114047
Florida,Aug,2009,24043,13398,0,2009-08,0,37441
Florida,Aug,2010,25610,13532,0,2010-08,1,39143
Florida,Aug,2011,29668,15927,0,2011-08,2,45597
Florida,Aug,2012,37184,20301,1162,2012-08,0,58647
Florida,Aug,2013,35828,20307,1409,2013-08,18883,76427
Florida,Aug,2014,37260,19794,2009,2014-08,11081,70144
Florida,Aug,2015,42171,20307,2373,2015-08,17140,81991
Florida,Aug,2016,49867,23359,3572,2016-08,31652,108450
Florida,Aug,2017,46682,21717,2847,2017-08,18362,89608
Florida,Aug,2018,44227,15734,3176,2018-08,17524,80661
Florida,Aug,2019,54215,18910,4711,2019-08,19468,97304
Florida,Aug,2020,85345,30914,6509,2020-08,35826,158594
Florida,Aug,2021,61168,24363,5238,2021-08,22109,112878
Florida,Aug,2022,60229,22654,5518,2022-08,20897,109298
Florida,Aug,2023,55034,19438,5008,2023-08,8781,88261
Florida,Dec,2009,29581,24460,0,2009-12,0,54041
Florida,Dec,2010,34196,27204,0,2010-12,30,61430
Florida,Dec,2011,40463,31791,0,2011-12,0,72254
Florida,Dec,2012,65872,59904,2549,2012-12,0,128325
Florida,Dec,2013,44668,38782,1742,2013-12,12672,97864
Florida,Dec,2014,50412,37098,2500,2014-12,12339,102349
Florida,Dec,2015,86940,45769,4165,2015-12,25044,161918
Florida,Dec,2016,69842,39880,3488,2016-12,24096,137306
Florida,Dec,2017,68075,37127,4067,2017-12,20978,130247
Florida,Dec,2018,60210,30598,4131,2018-12,16478,111417
Florida,Dec,2019,67435,31580,4458,2019-12,15238,118711
Florida,Dec,2020,81564,40115,5594,2020-12,35227,162500
Florida,Dec,2021,77064,36710,5904,2021-12,20720,140398
Florida,Dec,2022,74886,35416,5826,2022-12,18857,134985
Florida,Feb,2010,30890,16415,0,2010-02,1,47306
Florida,Feb,2011,37890,18121,0,2011-02,1,56012
Florida,Feb,2012,43744,22852,747,2012-02,0,67343
Florida,Feb,2013,56967,34711,1948,2013-02,0,93626
Florida,Feb,2014,46802,25174,1614,2014-02,20119,93709
Florida,Feb,2015,52791,24827,2303,2015-02,16779,96700
Florida,Feb,2016,62770,25228,3069,2016-02,33181,124248
Florida,Feb,2017,59201,23479,2928,2017-02,23617,109225
Florida,Feb,2018,57435,26441,4590,2018-02,21971,110437
Florida,Feb,2019,51711,17833,3649,2019-02,18437,91630
Florida,Feb,2020,59653,20306,3748,2020-02,21258,104965
Florida,Feb,2021,66307,26720,5116,2021-02,31875,130018
Florida,Feb,2022,61461,23989,4261,2022-02,21335,111046
Florida,Feb,2023,60511,22852,4587,2023-02,19584,107534
Florida,Jan,2010,27038,15924,0,2010-01,0,42962
Florida,Jan,2011,32684,16731,0,2011-01,0,49415
Florida,Jan,2012,34951,18761,587,2012-01,4,54303
Florida,Jan,2013,68294,41844,2047,2013-01,0,112185
Florida,Jan,2014,37372,22370,1671,2014-01,16053,77466
Florida,Jan,2015,43909,21939,2433,2015-01,13798,82079
Florida,Jan,2016,62085,26356,3480,2016-01,28458,120379
Florida,Jan,2017,51599,21867,3129,2017-01,21675,98270
Florida,Jan,2018,48377,20690,3299,2018-01,19683,92049
Florida,Jan,2019,47372,18749,3651,2019-01,18964,88736
Florida,Jan,2020,54985,19973,3957,2020-01,21461,100376
Florida,Jan,2021,97406,40173,6686,2021-01,34470,178735
Florida,Jan,2022,57833,23109,4678,2022-01,18451,104071
Florida,Jan,2023,58648,22950,4883,2023-01,19460,105941
Florida,Jul,2009,23694,12349,0,2009-07,0,36043
Florida,Jul,2010,25729,12007,0,2010-07,0,37736
Florida,Jul,2011,27240,13412,0,2011-07,0,40652
Florida,Jul,2012,34543,17864,926,2012-07,0,53333
Florida,Jul,2013,34204,18664,1334,2013-07,19829,74031
Florida,Jul,2014,33878,17356,1737,2014-07,12265,65236
Florida,Jul,2015,42570,18069,2133,2015-07,15769,78541
Florida,Jul,2016,57902,28000,4504,2016-07,28106,118512
Florida,Jul,2017,47430,18941,2975,2017-07,16978,86324
Florida,Jul,2018,42524,13468,3215,2018-07,15888,75095
Florida,Jul,2019,43914,13570,3307,2019-07,14674,75465
Florida,Jul,2020,106745,33102,7751,2020-07,33826,181424
Florida,Jul,2021,62995,22918,5349,2021-07,25724,116986
Florida,Jul,2022,61996,21087,5289,2022-07,22162,110534
Florida,Jul,2023,59086,18577,4796,2023-07,8746,91205
Florida,Jun,2009,23275,12448,0,2009-06,0,35723
Florida,Jun,2010,24424,11565,0,2010-06,0,35989
Florida,Jun,2011,27744,13091,0,2011-06,0,40835
Florida,Jun,2012,33679,17828,725,2012-06,0,52232
Florida,Jun,2013,33559,19343,1393,2013-06,17871,72166
Florida,Jun,2014,33636,17047,1569,2014-06,13789,66041
Florida,Jun,2015,39592,17115,1989,2015-06,15397,74093
Florida,Jun,2016,55934,29501,5096,2016-06,28462,118993
Florida,Jun,2017,52114,19380,3260,2017-06,18831,93585
Florida,Jun,2018,44821,14764,3586,2018-06,17573,80744
Florida,Jun,2019,44378,13576,3642,2019-06,15427,77023
Florida,Jun,2020,133285,39111,7341,2020-06,20676,200413
Florida,Jun,2021,65835,23329,5551,2021-06,26151,120866
Florida,Jun,2022,70236,26816,6465,2022-06,23118,126635
Florida,Jun,2023,58766,20981,4863,2023-06,11470,96080
Florida,Mar,2010,32241,16265,0,2010-03,0,48506
Florida,Mar,2011,35962,17283,0,2011-03,0,53245
Florida,Mar,2012,41823,21504,836,2012-03,0,64163
Florida,Mar,2013,48586,31464,1998,2013-03,0,82048
Florida,Mar,2014,42745,23125,1819,2014-03,32405,100094
Florida,Mar,2015,46739,22690,2279,2015-03,17066,88774
Florida,Mar,2016,54164,22000,2874,2016-03,34627,113665
Florida,Mar,2017,60787,23982,3609,2017-03,26986,115364
Florida,Mar,2018,64230,30487,6732,2018-03,27957,129406
Florida,Mar,2019,59615,19429,3869,2019-03,21078,103991
Florida,Mar,2020,117900,38365,5017,2020-03,16713,177995
Florida,Mar,2021,91131,33936,6429,2021-03,34498,165994
Florida,Mar,2022,71992,28469,5182,2022-03,24317,129960
Florida,Mar,2023,65213,25801,4828,2023-03,22358,118200
Florida,May,2010,25428,11640,0,2010-05,1,37069
Florida,May,2011,27882,12952,0,2011-05,0,40834
Florida,May,2012,33310,17547,800,2012-05,0,51657
Florida,May,2013,35935,21373,1491,2013-05,27298,86097
Florida,May,2014,35254,17504,1756,2014-05,18764,73278
Florida,May,2015,39775,17145,1962,2015-05,13949,72831
Florida,May,2016,42845,17025,2625,2016-05,27235,89730
Florida,May,2017,49700,18476,3001,2017-05,19014,90191
Florida,May,2018,47755,15850,3723,2018-05,21026,88354
Florida,May,2019,45087,14214,3760,2019-05,16117,79178
Florida,May,2020,73691,22529,5156,2020-05,6723,108099
Florida,May,2021,65295,22922,4934,2021-05,32677,125828
Florida,May,2022,59519,20002,4408,2022-05,19022,102951
Florida,May,2023,61383,21861,4709,2023-05,12457,100410
Florida,Nov,2009,25427,17590,0,2009-11,0,43017
Florida,Nov,2010,27691,19404,0,2010-11,0,47095
Florida,Nov,2011,30827,23480,0,2011-11,2,54309
Florida,Nov,2012,43550,37856,1653,2012-11,0,83059
Florida,Nov,2013,37545,30492,1571,2013-11,11371,80979
Florida,Nov,2014,39126,30723,1974,2014-11,10477,82300
Florida,Nov,2015,50796,28981,2268,2015-11,15907,97952
Florida,Nov,2016,62351,35718,3676,2016-11,25377,127122
Florida,Nov,2017,61694,31631,3585,2017-11,19099,116009
Florida,Nov,2018,51850,23876,3502,2018-11,16036,95264
Florida,Nov,2019,54799,24497,3666,2019-11,14070,97032
Florida,Nov,2020,84366,40575,6090,2020-11,35979,167010
Florida,Nov,2021,65666,31575,4266,2021-11,18570,120077
Florida,Nov,2022,61475,28064,4766,2022-11,16592,110897
Florida,Oct,2009,25740,15529,0,2009-10,0,41269
Florida,Oct,2010,26902,15965,0,2010-10,0,42867
Florida,Oct,2011,29491,18379,0,2011-10,5,47875
Florida,Oct,2012,35686,23640,1071,2012-10,0,60397
Florida,Oct,2013,34006,23276,1372,2013-10,15620,74274
Florida,Oct,2014,38428,23668,1904,2014-10,14077,78077
Florida,Oct,2015,45304,22587,2456,2015-10,17963,88310
Florida,Oct,2016,50003,27010,3908,2016-10,23891,104812
Florida,Oct,2017,49568,24580,3958,2017-10,18090,96196
Florida,Oct,2018,40226,16671,2912,2018-10,13921,73730
Florida,Oct,2019,47504,19816,3830,2019-10,16293,87443
Florida,Oct,2020,83816,32346,5782,2020-10,43802,165746
Florida,Oct,2021,63090,26371,4562,2021-10,22246,116269
Florida,Oct,2022,56101,21525,4409,2022-10,18365,100400
Florida,Sep,2009,23346,13521,0,2009-09,0,36867
Florida,Sep,2010,25405,13802,0,2010-09,1,39208
Florida,Sep,2011,29341,16267,0,2011-09,0,45608
Florida,Sep,2012,33996,20479,895,2012-09,0,55370
Florida,Sep,2013,31866,20815,1440,2013-09,14714,68835
Florida,Sep,2014,37253,21661,1791,2014-09,11525,72230
Florida,Sep,2015,40647,20159,2615,2015-09,16270,79691
Florida,Sep,2016,45848,22439,3359,2016-09,24431,96077
Florida,Sep,2017,39199,17949,2319,2017-09,10784,70251
Florida,Sep,2018,38313,14646,2945,2018-09,14805,70709
Florida,Sep,2019,44565,18261,4154,2019-09,14077,81057
Florida,Sep,2020,76685,29317,5523,2020-09,34496,146021
Florida,Sep,2021,59728,25555,5125,2021-09,24490,114898
Florida,Sep,2022,52674,20389,4536,2022-09,21987,99586
Florida,Sep,2023,51223,20945,4528,2023-09,8399,85095
Illinois,Apr,2010,8557,8005,0,2010-04,36904,53466
Illinois,Apr,2011,11468,9467,0,2011-04,47216,68151
Illinois,Apr,2012,14524,11497,0,2012-04,67212,93233
Illinois,Apr,2013,18421,14842,0,2013-04,98095,131358
Illinois,Apr,2014,21131,11333,0,2014-04,72734,105198
Illinois,Apr,2015,19123,9918,0,2015-04,88841,117882
Illinois,Apr,2016,24894,11132,0,2016-04,117410,153436
Illinois,Apr,2017,25414,10416,0,2017-04,15405,51235
Illinois,Apr,2018,23977,10883,0,2018-04,18258,53118
Illinois,Apr,2019,21307,8748,0,2019-04,14158,44213
Illinois,Apr,2020,30500,11184,0,2020-04,25857,67541
Illinois,Apr,2021,30084,12523,0,2021-04,21918,64525
Illinois,Apr,2022,24064,10548,1178,2022-04,267196,302986
Illinois,Apr,2023,27184,11406,1364,2023-04,397601,437555
Illinois,Aug,2009,6978,9265,0,2009-08,38289,54532
Illinois,Aug,2010,8621,8960,0,2010-08,41787,59368
Illinois,Aug,2011,9947,10717,0,2011-08,44880,65544
Illinois,Aug,2012,12980,14054,0,2012-08,57937,84971
Illinois,Aug,2013,16360,12936,0,2013-08,55088,84384
Illinois,Aug,2014,16532,12191,0,2014-08,62282,91005
Illinois,Aug,2015,18088,11085,0,2015-08,64498,93671
Illinois,Aug,2016,60745,30602,0,2016-08,17735,109082
Illinois,Aug,2017,19807,11333,0,2017-08,17053,48193
Illinois,Aug,2018,17992,9858,0,2018-08,14583,42433
Illinois,Aug,2019,19105,9281,0,2019-08,13542,41928
Illinois,Aug,2020,28864,13330,0,2020-08,39261,81455
Illinois,Aug,2021,26981,12930,1456,2021-08,385196,426563
Illinois,Aug,2022,21278,10914,1214,2022-08,346856,380262
Illinois,Aug,2023,20241,10349,811,2023-08,206445,237846
Illinois,Dec,2009,9316,13652,0,2009-12,44976,67944
Illinois,Dec,2010,11217,14646,0,2010-12,42861,68724
Illinois,Dec,2011,15946,18596,0,2011-12,62133,96675
Illinois,Dec,2012,28548,28820,0,2012-12,53218,110586
Illinois,Dec,2013,23671,19326,0,2013-12,47020,90017
Illinois,Dec,2014,24857,19709,0,2014-12,101641,146207
Illinois,Dec,2015,37193,20864,0,2015-12,122900,180957
Illinois,Dec,2016,29658,17164,0,2016-12,17509,64331
Illinois,Dec,2017,27956,15126,0,2017-12,18020,61102
Illinois,Dec,2018,26943,15297,0,2018-12,12795,55035
Illinois,Dec,2019,24792,13258,0,2019-12,15241,53291
Illinois,Dec,2020,29133,16557,0,2020-12,20056,65746
Illinois,Dec,2021,29123,14315,1471,2021-12,392738,437647
Illinois,Dec,2022,30563,18733,2005,2022-12,426000,477301
Illinois,Feb,2010,9998,10190,0,2010-02,35197,55385
Illinois,Feb,2011,11644,10778,0,2011-02,36379,58801
Illinois,Feb,2012,17750,14271,0,2012-02,55426,87447
Illinois,Feb,2013,24175,18387,0,2013-02,83806,126368
Illinois,Feb,2014,23448,13449,0,2014-02,78016,114913
Illinois,Feb,2015,23614,13379,0,2015-02,48310,85303
Illinois,Feb,2016,30241,13543,0,2016-02,125089,168873
Illinois,Feb,2017,27418,12635,0,2017-02,11166,51219
Illinois,Feb,2018,25626,12938,0,2018-02,21425,59989
Illinois,Feb,2019,24870,11381,0,2019-02,14499,50750
Illinois,Feb,2020,22743,9761,0,2020-02,13769,46273
Illinois,Feb,2021,24290,11338,0,2021-02,18820,54448
Illinois,Feb,2022,23796,10762,1186,2022-02,272525,308269
Illinois,Feb,2023,27357,10907,1103,2023-02,372638,412005
Illinois,Jan,2010,8799,9303,0,2010-01,39777,57879
Illinois,Jan,2011,10486,9844,0,2011-01,43982,64312
Illinois,Jan,2012,13424,11581,0,2012-01,64346,89351
Illinois,Jan,2013,31185,22138,0,2013-01,94721,148044
Illinois,Jan,2014,20164,11190,0,2014-01,89150,120504
Illinois,Jan,2015,20682,12203,0,2015-01,63009,95894
Illinois,Jan,2016,32112,12869,0,2016-01,143606,188587
Illinois,Jan,2017,24594,11185,0,2017-01,23670,59449
Illinois,Jan,2018,21821,9850,0,2018-01,18881,50552
Illinois,Jan,2019,21587,10082,0,2019-01,16976,48645
Illinois,Jan,2020,22567,9588,0,2020-01,17551,49706
Illinois,Jan,2021,35848,17817,0,2021-01,34093,87758
Illinois,Jan,2022,22564,9950,1015,2022-01,440424,473953
Illinois,Jan,2023,28370,14140,1715,2023-01,480752,524977
Illinois,Jul,2009,6742,6733,0,2009-07,33386,46861
Illinois,Jul,2010,7950,6957,0,2010-07,34727,49634
Illinois,Jul,2011,8812,7396,0,2011-07,41386,57594
Illinois,Jul,2012,11401,9755,0,2012-07,43809,64965
Illinois,Jul,2013,15986,10383,0,2013-07,55624,81993
Illinois,Jul,2014,15798,9607,0,2014-07,60504,85909
Illinois,Jul,2015,18469,9243,0,2015-07,66883,94595
Illinois,Jul,2016,21421,11881,0,2016-07,125075,158377
Illinois,Jul,2017,18417,9895,0,2017-07,13652,41964
Illinois,Jul,2018,16840,7743,0,2018-07,13684,38267
Illinois,Jul,2019,15782,6889,0,2019-07,10764,33435
Illinois,Jul,2020,31853,12250,0,2020-07,42167,86270
Illinois,Jul,2021,38557,15385,1605,2021-07,357709,413256
Illinois,Jul,2022,20758,9843,1133,2022-07,295349,327083
Illinois,Jul,2023,19386,8274,767,2023-07,199545,227972
Illinois,Jun,2009,6907,7155,0,2009-06,37686,51748
Illinois,Jun,2010,7818,6701,1,2010-06,37457,51977
Illinois,Jun,2011,9059,7372,0,2011-06,39691,56122
Illinois,Jun,2012,11820,10114,0,2012-06,52870,74804
Illinois,Jun,2013,15062,10196,0,2013-06,79126,104384
Illinois,Jun,2014,15406,8740,0,2014-06,87691,111837
Illinois,Jun,2015,17666,8230,0,2015-06,53952,79848
Illinois,Jun,2016,22277,12787,0,2016-06,128545,163609
Illinois,Jun,2017,21394,9491,0,2017-06,14883,45768
Illinois,Jun,2018,17755,7827,0,2018-06,12711,38293
Illinois,Jun,2019,17041,7321,0,2019-06,12246,36608
Illinois,Jun,2020,49101,14913,0,2020-06,73508,137522
Illinois,Jun,2021,24191,9377,0,2021-06,14242,47810
Illinois,Jun,2022,21912,10229,1204,2022-06,281728,315073
Illinois,Jun,2023,19399,7913,761,2023-06,243305,271378
Illinois,Mar,2010,11425,11398,0,2010-03,42135,64958
Illinois,Mar,2011,14745,12428,0,2011-03,53286,80459
Illinois,Mar,2012,17725,14376,0,2012-03,72936,105037
Illinois,Mar,2013,23779,19564,0,2013-03,93378,136721
Illinois,Mar,2014,26637,15182,0,2014-03,102752,144571
Illinois,Mar,2015,17517,10329,0,2015-03,68243,96089
Illinois,Mar,2016,29052,12971,0,2016-03,132757,174780
Illinois,Mar,2017,30518,14411,0,2017-03,911,45840
Illinois,Mar,2018,32326,17008,0,2018-03,24775,74109
Illinois,Mar,2019,29438,13143,0,2019-03,18595,61176
Illinois,Mar,2020,44112,17127,0,2020-03,39780,101019
Illinois,Mar,2021,35699,16114,0,2021-03,23382,75195
Illinois,Mar,2022,30013,14121,1649,2022-03,339247,385030
Illinois,Mar,2023,34238,14033,1661,2023-03,449383,499315
Illinois,May,2010,8304,7071,0,2010-05,29322,44697
Illinois,May,2011,9700,8132,0,2011-05,37301,55133
Illinois,May,2012,11987,9817,0,2012-05,55892,77696
Illinois,May,2013,16142,11591,0,2013-05,80948,108681
Illinois,May,2014,17848,9308,0,2014-05,64832,91988
Illinois,May,2015,19457,9346,0,2015-05,47092,75895
Illinois,May,2016,19264,8686,0,2016-05,91026,118976
Illinois,May,2017,22244,9252,0,2017-05,14857,46353
Illinois,May,2018,18631,8397,0,2018-05,13239,40267
Illinois,May,2019,17976,7587,0,2019-05,13168,38731
Illinois,May,2020,26854,9959,0,2020-05,25190,62003
Illinois,May,2021,25210,9855,0,2021-05,16682,51747
Illinois,May,2022,19865,8639,1031,2022-05,249554,279089
Illinois,May,2023,23805,11014,1103,2023-05,341541,377463
Illinois,Nov,2009,7925,12399,0,2009-11,43221,63545
Illinois,Nov,2010,9128,13938,0,2010-11,40322,63388
Illinois,Nov,2011,12039,16397,0,2011-11,56320,84756
Illinois,Nov,2012,16845,22364,0,2012-11,51530,90739
Illinois,Nov,2013,20356,18330,0,2013-11,51259,89945
Illinois,Nov,2014,19282,18280,0,2014-11,66164,103726
Illinois,Nov,2015,24412,17227,0,2015-11,87190,128829
Illinois,Nov,2016,28463,19005,0,2016-11,26250,73718
Illinois,Nov,2017,26122,16102,0,2017-11,19861,62085
Illinois,Nov,2018,22978,14038,0,2018-11,14214,51230
Illinois,Nov,2019,21597,12115,0,2019-11,12356,46068
Illinois,Nov,2020,29335,17557,0,2020-11,27657,74549
Illinois,Nov,2021,25791,14008,1552,2021-11,262319,303670
Illinois,Nov,2022,24875,14612,1564,2022-11,412201,453252
Illinois,Oct,2009,8321,11369,0,2009-10,45473,65163
Illinois,Oct,2010,8918,10462,0,2010-10,42642,62022
Illinois,Oct,2011,10417,12084,0,2011-10,46508,69009
Illinois,Oct,2012,13118,15029,0,2012-10,49184,77331
Illinois,Oct,2013,17090,14128,0,2013-10,69461,100679
Illinois,Oct,2014,17927,14023,0,2014-10,70325,102275
Illinois,Oct,2015,19306,12361,0,2015-10,63534,95201
Illinois,Oct,2016,33986,14739,0,2016-10,20563,69288
Illinois,Oct,2017,20093,12503,0,2017-10,17529,50125
Illinois,Oct,2018,17916,10755,0,2018-10,13700,42371
Illinois,Oct,2019,17482,10040,0,2019-10,12414,39936
Illinois,Oct,2020,28277,14905,0,2020-10,27352,70534
Illinois,Oct,2021,24172,12375,1311,2021-10,213822,251680
Illinois,Oct,2022,21387,10840,1091,2022-10,369511,402829
Illinois,Sep,2009,6722,9425,0,2009-09,43429,59576
Illinois,Sep,2010,8469,9115,0,2010-09,40568,58152
Illinois,Sep,2011,9915,10724,0,2011-09,44902,65541
Illinois,Sep,2012,11788,12727,0,2012-09,45837,70352
Illinois,Sep,2013,14147,12860,0,2013-09,40089,67096
Illinois,Sep,2014,16060,12191,0,2014-09,88071,116322
Illinois,Sep,2015,17451,12693,0,2015-09,63566,93710
Illinois,Sep,2016,20298,11876,0,2016-09,17365,49539
Illinois,Sep,2017,18290,10201,0,2017-09,15712,44203
Illinois,Sep,2018,16749,9393,0,2018-09,12726,38868
Illinois,Sep,2019,17639,9512,0,2019-09,13011,40162
Illinois,Sep,2020,27645,13848,0,2020-09,33632,75125
Illinois,Sep,2021,22461,11566,1287,2021-09,312148,347462
Illinois,Sep,2022,21772,10505,1175,2022-09,337476,370928
Illinois,Sep,2023,19675,10357,786,2023-09,191538,222356
Indiana,Apr,2010,8149,7473,227,2010-04,8696,24545
Indiana,Apr,2011,10938,9339,285,2011-04,8361,28923
Indiana,Apr,2012,13520,10411,405,2012-04,11986,36322
Indiana,Apr,2013,17150,14005,787,2013-04,18389,50331
Indiana,Apr,2014,16956,11235,801,2014-04,12335,41327
Indiana,Apr,2015,16372,10732,823,2015-04,38811,66738
Indiana,Apr,2016,20756,12137,1079,2016-04,91355,125327
Indiana,Apr,2017,21454,11390,1158,2017-04,27978,61980
Indiana,Apr,2018,19405,11491,1758,2018-04,43928,76582
Indiana,Apr,2019,18528,9718,1493,2019-04,41080,70819
Indiana,Apr,2020,29904,14843,2332,2020-04,233,47312
Indiana,Apr,2021,29792,16385,2400,2021-04,1188,49765
Indiana,Apr,2022,24086,13122,1933,2022-04,908,40049
Indiana,Apr,2023,20732,12656,1670,2023-04,412,35470
Indiana,Aug,2009,7900,8544,201,2009-08,1733,18378
Indiana,Aug,2010,9467,8859,218,2010-08,9850,28394
Indiana,Aug,2011,9898,9924,338,2011-08,7165,27325
Indiana,Aug,2012,13991,12638,593,2012-08,7534,34756
Indiana,Aug,2013,14264,12775,597,2013-08,20615,48251
Indiana,Aug,2014,15459,12168,662,2014-08,7583,35872
Indiana,Aug,2015,16546,11880,894,2015-08,35816,65136
Indiana,Aug,2016,18906,13606,1238,2016-08,44252,78002
Indiana,Aug,2017,17271,11844,1132,2017-08,15664,45911
Indiana,Aug,2018,15764,10339,1252,2018-08,31327,58682
Indiana,Aug,2019,19883,11389,1756,2019-08,1140,34168
Indiana,Aug,2020,28843,16235,2226,2020-08,1199,48503
Indiana,Aug,2021,21769,13831,1786,2021-08,1800,39186
Indiana,Aug,2022,23746,12311,1717,2022-08,339,38113
Indiana,Aug,2023,16646,10978,1549,2023-08,407,29580
Indiana,Dec,2009,9904,14739,218,2009-12,6771,31632
Indiana,Dec,2010,11672,15692,236,2010-12,8506,36106
Indiana,Dec,2011,16616,19842,435,2011-12,5267,42160
Indiana,Dec,2012,28474,31940,1357,2012-12,7578,69349
Indiana,Dec,2013,20168,21557,841,2013-12,9562,52128
Indiana,Dec,2014,23399,21186,1044,2014-12,27509,73138
Indiana,Dec,2015,44150,26105,2370,2015-12,139460,212085
Indiana,Dec,2016,30248,21688,1546,2016-12,40729,94211
Indiana,Dec,2017,26719,19906,1839,2017-12,41805,90269
Indiana,Dec,2018,24824,18824,2088,2018-12,24021,69757
Indiana,Dec,2019,26770,18746,2075,2019-12,757,48348
Indiana,Dec,2020,30336,21852,2192,2020-12,1082,55462
Indiana,Dec,2021,29183,20059,2676,2021-12,1351,53269
Indiana,Dec,2022,28936,18301,2244,2022-12,330,49811
Indiana,Feb,2010,11285,9441,302,2010-02,7970,28998
Indiana,Feb,2011,13991,9923,284,2011-02,6546,30744
Indiana,Feb,2012,19808,14257,568,2012-02,9076,43709
Indiana,Feb,2013,26643,18179,865,2013-02,10011,55698
Indiana,Feb,2014,22970,14166,904,2014-02,12042,50082
Indiana,Feb,2015,24373,13650,1152,2015-02,43228,82403
Indiana,Feb,2016,32373,14947,1625,2016-02,170646,219591
Indiana,Feb,2017,27343,13221,1288,2017-02,92422,134274
Indiana,Feb,2018,24019,13516,2056,2018-02,39795,79386
Indiana,Feb,2019,21297,11157,1623,2019-02,29574,63651
Indiana,Feb,2020,25949,12739,1974,2020-02,564,41226
Indiana,Feb,2021,25161,14378,2063,2021-02,902,42504
Indiana,Feb,2022,22916,13065,1803,2022-02,1013,38797
Indiana,Feb,2023,24114,12607,1765,2023-02,347,38833
Indiana,Jan,2010,9948,8614,294,2010-01,7459,26315
Indiana,Jan,2011,11783,8704,359,2011-01,8743,29589
Indiana,Jan,2012,14224,10574,511,2012-01,5044,30353
Indiana,Jan,2013,30334,20505,1121,2013-01,8353,60313
Indiana,Jan,2014,14854,10418,908,2014-01,11324,37504
Indiana,Jan,2015,18433,11935,1081,2015-01,34934,66383
Indiana,Jan,2016,29653,14356,1871,2016-01,183520,229400
Indiana,Jan,2017,21284,11456,1261,2017-01,45206,79207
Indiana,Jan,2018,17558,10258,1456,2018-01,52908,82180
Indiana,Jan,2019,17265,10423,1738,2019-01,107476,136902
Indiana,Jan,2020,22340,12461,2166,2020-01,846,37813
Indiana,Jan,2021,37237,22732,3005,2021-01,1205,64179
Indiana,Jan,2022,21402,12343,2205,2022-01,1287,37237
Indiana,Jan,2023,22825,12560,1912,2023-01,372,37669
Indiana,Jul,2009,6953,6249,203,2009-07,1,13406
Indiana,Jul,2010,7672,6279,150,2010-07,9258,23359
Indiana,Jul,2011,8622,6938,240,2011-07,2082,17882
Indiana,Jul,2012,11809,9380,387,2012-07,6499,28075
Indiana,Jul,2013,12316,9385,481,2013-07,27949,50131
Indiana,Jul,2014,13475,9126,555,2014-07,7651,30807
Indiana,Jul,2015,15416,8954,758,2015-07,26099,51227
Indiana,Jul,2016,19508,12191,1600,2016-07,53844,87143
Indiana,Jul,2017,15385,9995,950,2017-07,19386,45716
Indiana,Jul,2018,13914,7825,1101,2018-07,36004,58844
Indiana,Jul,2019,13982,7568,1225,2019-07,534,23309
Indiana,Jul,2020,32970,15066,2395,2020-07,1117,51548
Indiana,Jul,2021,21274,11190,1668,2021-07,1371,35503
Indiana,Jul,2022,25699,10652,1683,2022-07,386,38420
Indiana,Jul,2023,16217,9321,1450,2023-07,376,27364
Indiana,Jun,2009,6842,6285,15,2009-06,7,13149
Indiana,Jun,2010,7950,6307,228,2010-06,10706,25191
Indiana,Jun,2011,8876,6861,251,2011-06,6450,22438
Indiana,Jun,2012,12193,9656,432,2012-06,4834,27115
Indiana,Jun,2013,12447,9845,628,2013-06,15786,38706
Indiana,Jun,2014,13069,8702,530,2014-06,7644,29945
Indiana,Jun,2015,14845,8455,742,2015-06,37734,61776
Indiana,Jun,2016,18307,11949,1831,2016-06,61071,93158
Indiana,Jun,2017,18351,9706,1093,2017-06,19163,48313
Indiana,Jun,2018,15459,8455,1214,2018-06,47508,72636
Indiana,Jun,2019,15272,7963,1368,2019-06,168,24771
Indiana,Jun,2020,40492,16560,2561,2020-06,1097,60710
Indiana,Jun,2021,21193,10780,1592,2021-06,899,34464
Indiana,Jun,2022,22310,11461,2008,2022-06,407,36186
Indiana,Jun,2023,17712,9939,1512,2023-06,374,29537
Indiana,Mar,2010,12071,10378,386,2010-03,8505,31340
Indiana,Mar,2011,15597,11489,468,2011-03,9796,37350
Indiana,Mar,2012,18763,13250,672,2012-03,12257,44942
Indiana,Mar,2013,24239,18379,1055,2013-03,12834,56507
Indiana,Mar,2014,23024,15040,1085,2014-03,12438,51587
Indiana,Mar,2015,22176,13898,1201,2015-03,44831,82106
Indiana,Mar,2016,27883,13485,1472,2016-03,107510,150350
Indiana,Mar,2017,28593,14363,1575,2017-03,33324,77855
Indiana,Mar,2018,28224,16982,2950,2018-03,70713,118869
Indiana,Mar,2019,26630,13737,2005,2019-03,44867,87239
Indiana,Mar,2020,45695,22724,2613,2020-03,585,71617
Indiana,Mar,2021,36403,19692,2543,2021-03,912,59550
Indiana,Mar,2022,30469,16666,2365,2022-03,1399,50899
Indiana,Mar,2023,26541,14706,2078,2023-03,462,43787
Indiana,May,2010,7761,6257,216,2010-05,10016,24250
Indiana,May,2011,8658,7073,241,2011-05,7484,23456
Indiana,May,2012,11816,9152,380,2012-05,9028,30376
Indiana,May,2013,13497,10404,682,2013-05,14073,38656
Indiana,May,2014,15395,9454,677,2014-05,9559,35085
Indiana,May,2015,15952,8778,744,2015-05,38129,63603
Indiana,May,2016,16842,9264,965,2016-05,91807,118878
Indiana,May,2017,18110,9483,1060,2017-05,24235,52888
Indiana,May,2018,15856,8256,1296,2018-05,51103,76511
Indiana,May,2019,15062,8146,1431,2019-05,110,24749
Indiana,May,2020,30133,14420,2221,2020-05,657,47431
Indiana,May,2021,22724,11629,1660,2021-05,1099,37112
Indiana,May,2022,19617,9957,1372,2022-05,379,31325
Indiana,May,2023,18327,10110,1464,2023-05,398,30299
Indiana,Nov,2009,7883,14084,191,2009-11,6427,28585
Indiana,Nov,2010,8862,14956,185,2010-11,7193,31196
Indiana,Nov,2011,11350,17074,324,2011-11,5217,33965
Indiana,Nov,2012,17383,24331,899,2012-11,4124,46737
Indiana,Nov,2013,17093,21064,744,2013-11,11046,49947
Indiana,Nov,2014,16681,20381,824,2014-11,96876,134762
Indiana,Nov,2015,25519,20227,1113,2015-11,81935,128794
Indiana,Nov,2016,25246,23336,1521,2016-11,40805,90908
Indiana,Nov,2017,22558,20820,1772,2017-11,28638,73788
Indiana,Nov,2018,20522,18723,1533,2018-11,23053,63831
Indiana,Nov,2019,21903,17950,1776,2019-11,668,42297
Indiana,Nov,2020,29416,24425,2231,2020-11,1089,57161
Indiana,Nov,2021,23950,19182,1769,2021-11,1334,46235
Indiana,Nov,2022,23698,18044,1642,2022-11,315,43699
Indiana,Oct,2009,8784,11917,253,2009-10,7499,28453
Indiana,Oct,2010,9477,11402,240,2010-10,8025,29144
Indiana,Oct,2011,10498,12206,354,2011-10,4966,28024
Indiana,Oct,2012,14083,15844,690,2012-10,6449,37066
Indiana,Oct,2013,14671,14624,620,2013-10,12492,42407
Indiana,Oct,2014,16054,15005,733,2014-10,47593,79385
Indiana,Oct,2015,18633,13859,1055,2015-10,65285,98832
Indiana,Oct,2016,21058,16857,1725,2016-10,30950,70590
Indiana,Oct,2017,15966,13202,1450,2017-10,23109,53727
Indiana,Oct,2018,15032,12352,1151,2018-10,28925,57460
Indiana,Oct,2019,16204,12595,1528,2019-10,759,31086
Indiana,Oct,2020,27979,18181,2216,2020-10,1186,49562
Indiana,Oct,2021,21585,15646,1904,2021-10,1533,40668
Indiana,Oct,2022,20226,12643,1434,2022-10,270,34573
Indiana,Sep,2009,6860,8705,170,2009-09,9155,24890
Indiana,Sep,2010,8301,8792,167,2010-09,9235,26495
Indiana,Sep,2011,9423,10639,281,2011-09,6165,26508
Indiana,Sep,2012,12916,12873,509,2012-09,5584,31882
Indiana,Sep,2013,12956,12954,576,2013-09,12443,38929
Indiana,Sep,2014,13876,12326,647,2014-09,6439,33288
Indiana,Sep,2015,16754,11905,965,2015-09,53051,82675
Indiana,Sep,2016,17402,13402,1291,2016-09,30423,62518
Indiana,Sep,2017,16093,11332,1123,2017-09,18241,46789
Indiana,Sep,2018,13687,10201,1068,2018-09,25056,50012
Indiana,Sep,2019,15291,10734,1680,2019-09,504,28209
Indiana,Sep,2020,26530,15978,1955,2020-09,1254,45717
Indiana,Sep,2021,20859,14814,1857,2021-09,1756,39286
Indiana,Sep,2022,21991,12729,1559,2022-09,373,36652
Indiana,Sep,2023,16104,11963,1480,2023-09,366,29913
Kentucky,Apr,2010,6274,6352,104,2010-04,194706,207436
Kentucky,Apr,2011,7336,7619,130,2011-04,164997,180082
Kentucky,Apr,2012,7521,7238,125,2012-04,186399,201283
Kentucky,Apr,2013,10079,9442,180,2013-04,15448,35149
Kentucky,Apr,2014,7460,6916,148,2014-04,255799,270323
Kentucky,Apr,2015,8012,6829,245,2015-04,234945,250031
Kentucky,Apr,2016,9657,7070,223,2016-04,285372,302322
Kentucky,Apr,2017,9858,6519,257,2017-04,372852,389486
Kentucky,Apr,2018,8893,6662,439,2018-04,390433,406427
Kentucky,Apr,2019,10133,5989,390,2019-04,361715,378227
Kentucky,Apr,2020,20712,12196,820,2020-04,1555,35283
Kentucky,Apr,2021,16555,11347,742,2021-04,1448,30092
Kentucky,Apr,2022,11609,8991,601,2022-04,809,22010
Kentucky,Apr,2023,10210,8238,646,2023-04,735,19829
Kentucky,Aug,2009,5978,7073,91,2009-08,165893,179035
Kentucky,Aug,2010,5882,6494,75,2010-08,164916,177367
Kentucky,Aug,2011,6336,7407,91,2011-08,171241,185075
Kentucky,Aug,2012,8244,8463,170,2012-08,193694,210571
Kentucky,Aug,2013,7225,8437,134,2013-08,7118,22914
Kentucky,Aug,2014,7230,7382,155,2014-08,213126,227893
Kentucky,Aug,2015,8238,7362,201,2015-08,266788,282589
Kentucky,Aug,2016,8842,7187,281,2016-08,9579,25889
Kentucky,Aug,2017,8039,6555,244,2017-08,376016,390854
Kentucky,Aug,2018,7250,6241,306,2018-08,393679,407476
Kentucky,Aug,2019,10802,6592,475,2019-08,1628,19497
Kentucky,Aug,2020,18531,10985,842,2020-08,2318,32676
Kentucky,Aug,2021,10896,8616,587,2021-08,875,20974
Kentucky,Aug,2022,9851,7604,645,2022-08,797,18897
Kentucky,Aug,2023,8475,7034,552,2023-08,636,16697
Kentucky,Dec,2009,9768,16164,134,2009-12,179234,205300
Kentucky,Dec,2010,10109,16321,103,2010-12,157541,184074
Kentucky,Dec,2011,12400,19464,174,2011-12,176893,208931
Kentucky,Dec,2012,19442,26550,433,2012-12,208969,255394
Kentucky,Dec,2013,11500,17782,251,2013-12,197781,227314
Kentucky,Dec,2014,14308,17629,308,2014-12,259142,291387
Kentucky,Dec,2015,25569,19995,607,2015-12,258154,304325
Kentucky,Dec,2016,17311,16766,371,2016-12,358510,392958
Kentucky,Dec,2017,16727,16102,502,2017-12,380648,413979
Kentucky,Dec,2018,14189,14309,581,2018-12,371756,400835
Kentucky,Dec,2019,16185,14471,729,2019-12,1160,32545
Kentucky,Dec,2020,19170,17438,765,2020-12,1365,38738
Kentucky,Dec,2021,18288,16090,866,2021-12,623,35867
Kentucky,Dec,2022,16789,15697,861,2022-12,522,33869
Kentucky,Feb,2010,9886,9557,138,2010-02,185467,205048
Kentucky,Feb,2011,11819,10032,132,2011-02,159327,181310
Kentucky,Feb,2012,14498,11882,202,2012-02,180668,207250
Kentucky,Feb,2013,19072,13980,321,2013-02,205714,239087
Kentucky,Feb,2014,13082,10425,214,2014-02,227921,251642
Kentucky,Feb,2015,13909,9486,310,2015-02,167767,191472
Kentucky,Feb,2016,19243,10414,404,2016-02,229733,259794
Kentucky,Feb,2017,14975,8636,253,2017-02,283492,307356
Kentucky,Feb,2018,13917,9302,532,2018-02,387471,411222
Kentucky,Feb,2019,12027,7182,443,2019-02,303739,323391
Kentucky,Feb,2020,15294,8763,668,2020-02,1993,26718
Kentucky,Feb,2021,12171,8806,609,2021-02,1304,22890
Kentucky,Feb,2022,13175,9793,649,2022-02,580,24197
Kentucky,Feb,2023,12761,8864,662,2023-02,690,22977
Kentucky,Jan,2010,7133,7283,107,2010-01,183423,197946
Kentucky,Jan,2011,7773,7003,116,2011-01,158538,173430
Kentucky,Jan,2012,8633,7855,154,2012-01,178454,195096
Kentucky,Jan,2013,17460,13023,448,2013-01,203214,234145
Kentucky,Jan,2014,7116,6657,200,2014-01,240641,254614
Kentucky,Jan,2015,9629,7663,241,2015-01,298959,316492
Kentucky,Jan,2016,13847,7713,403,2016-01,277415,299378
Kentucky,Jan,2017,9743,6700,292,2017-01,325954,342689
Kentucky,Jan,2018,8202,5736,323,2018-01,384989,399250
Kentucky,Jan,2019,8170,6213,510,2019-01,290432,305325
Kentucky,Jan,2020,12022,7558,704,2020-01,2314,22598
Kentucky,Jan,2021,20728,15271,982,2021-01,1562,38543
Kentucky,Jan,2022,9894,7487,634,2022-01,657,18672
Kentucky,Jan,2023,10744,8081,628,2023-01,716,20169
Kentucky,Jul,2009,6320,5795,147,2009-07,163417,175679
Kentucky,Jul,2010,5885,5426,93,2010-07,204102,215506
Kentucky,Jul,2011,5763,5421,74,2011-07,169071,180329
Kentucky,Jul,2012,7523,6566,128,2012-07,191827,206044
Kentucky,Jul,2013,6395,6133,184,2013-07,12941,25653
Kentucky,Jul,2014,6375,5428,151,2014-07,232847,244801
Kentucky,Jul,2015,8223,5645,238,2015-07,201788,215894
Kentucky,Jul,2016,9378,6615,321,2016-07,342858,359172
Kentucky,Jul,2017,7236,5118,241,2017-07,374603,387198
Kentucky,Jul,2018,6306,4537,295,2018-07,379409,390547
Kentucky,Jul,2019,8059,4658,370,2019-07,1627,14714
Kentucky,Jul,2020,20962,10578,947,2020-07,1481,33968
Kentucky,Jul,2021,11047,7299,558,2021-07,793,19697
Kentucky,Jul,2022,10184,6714,642,2022-07,630,18170
Kentucky,Jul,2023,8219,5806,577,2023-07,617,15219
Kentucky,Jun,2009,5800,5457,10,2009-06,161497,172764
Kentucky,Jun,2010,5223,4634,90,2010-06,202592,212539
Kentucky,Jun,2011,5729,5255,89,2011-06,168982,180055
Kentucky,Jun,2012,7304,6699,122,2012-06,190681,204806
Kentucky,Jun,2013,6556,5943,129,2013-06,12923,25551
Kentucky,Jun,2014,6061,5196,157,2014-06,199326,210740
Kentucky,Jun,2015,7280,5300,178,2015-06,225599,238357
Kentucky,Jun,2016,8703,6584,438,2016-06,340735,356460
Kentucky,Jun,2017,8765,5223,265,2017-06,373842,388095
Kentucky,Jun,2018,7130,4686,304,2018-06,395679,407799
Kentucky,Jun,2019,8520,4608,384,2019-06,150731,164243
Kentucky,Jun,2020,27051,11707,993,2020-06,1175,40926
Kentucky,Jun,2021,11034,6804,510,2021-06,1026,19374
Kentucky,Jun,2022,10740,7033,763,2022-06,662,19198
Kentucky,Jun,2023,9015,6134,502,2023-06,743,16394
Kentucky,Mar,2010,8521,8143,126,2010-03,190528,207318
Kentucky,Mar,2011,9757,9133,139,2011-03,161429,180458
Kentucky,Mar,2012,11306,9638,162,2012-03,185109,206215
Kentucky,Mar,2013,14921,12647,337,2013-03,210474,238379
Kentucky,Mar,2014,10541,8970,216,2014-03,257321,277048
Kentucky,Mar,2015,10407,8327,283,2015-03,258825,277842
Kentucky,Mar,2016,13816,8391,283,2016-03,294755,317245
Kentucky,Mar,2017,13769,8992,347,2017-03,370113,393221
Kentucky,Mar,2018,14642,10303,818,2018-03,390708,416471
Kentucky,Mar,2019,15646,8110,534,2019-03,350354,374644
Kentucky,Mar,2020,28268,15315,937,2020-03,2394,46914
Kentucky,Mar,2021,21777,14505,911,2021-03,1802,38995
Kentucky,Mar,2022,15620,11957,822,2022-03,807,29206
Kentucky,Mar,2023,12713,9877,725,2023-03,859,24174
Kentucky,May,2010,5486,5056,79,2010-05,199991,210612
Kentucky,May,2011,5872,5437,96,2011-05,165851,177256
Kentucky,May,2012,6851,6038,119,2012-05,187970,200978
Kentucky,May,2013,7976,6876,161,2013-05,5897,20910
Kentucky,May,2014,6668,5294,160,2014-05,214214,226336
Kentucky,May,2015,7321,5133,185,2015-05,255314,267953
Kentucky,May,2016,8049,5244,222,2016-05,305018,318533
Kentucky,May,2017,8690,5378,223,2017-05,374078,388369
Kentucky,May,2018,7620,4696,344,2018-05,379571,392231
Kentucky,May,2019,7899,4585,343,2019-05,315756,328583
Kentucky,May,2020,20881,11275,823,2020-05,466,33445
Kentucky,May,2021,11863,7497,520,2021-05,1423,21303
Kentucky,May,2022,9753,6567,505,2022-05,673,17498
Kentucky,May,2023,9498,6426,502,2023-05,790,17216
Kentucky,Nov,2009,6521,12119,120,2009-11,172706,191466
Kentucky,Nov,2010,6776,13152,91,2010-11,156871,176890
Kentucky,Nov,2011,7447,15122,124,2011-11,175670,198363
Kentucky,Nov,2012,10571,17789,255,2012-11,185005,213620
Kentucky,Nov,2013,8074,15492,208,2013-11,179357,203131
Kentucky,Nov,2014,8807,15632,228,2014-11,54751,79418
Kentucky,Nov,2015,12155,14847,254,2015-11,264140,291396
Kentucky,Nov,2016,12847,14844,329,2016-11,297507,325527
Kentucky,Nov,2017,12568,13718,365,2017-11,373308,399959
Kentucky,Nov,2018,10506,12670,437,2018-11,393953,417566
Kentucky,Nov,2019,12094,12686,528,2019-11,1372,26680
Kentucky,Nov,2020,16578,17091,806,2020-11,1608,36083
Kentucky,Nov,2021,13586,14178,587,2021-11,699,29050
Kentucky,Nov,2022,12229,13521,606,2022-11,551,26907
Kentucky,Oct,2009,6802,11016,119,2009-10,171503,189440
Kentucky,Oct,2010,6796,9734,93,2010-10,155870,172493
Kentucky,Oct,2011,6373,10721,90,2011-10,174243,191427
Kentucky,Oct,2012,8226,11474,154,2012-10,195917,215771
Kentucky,Oct,2013,6821,10102,146,2013-10,182023,199092
Kentucky,Oct,2014,8530,11463,211,2014-10,6049,26253
Kentucky,Oct,2015,9520,10953,260,2015-10,250325,271058
Kentucky,Oct,2016,10111,10030,354,2016-10,354387,374882
Kentucky,Oct,2017,8758,8739,371,2017-10,379403,397271
Kentucky,Oct,2018,7065,8001,360,2018-10,394208,409634
Kentucky,Oct,2019,8759,8890,455,2019-10,2238,20342
Kentucky,Oct,2020,15816,12804,763,2020-10,1912,31295
Kentucky,Oct,2021,11884,10975,625,2021-10,665,24149
Kentucky,Oct,2022,9836,9489,517,2022-10,606,20448
Kentucky,Sep,2009,5913,8115,86,2009-09,168779,182893
Kentucky,Sep,2010,6340,7758,78,2010-09,153331,167507
Kentucky,Sep,2011,6331,8904,103,2011-09,173301,188639
Kentucky,Sep,2012,7850,9397,155,2012-09,194898,212300
Kentucky,Sep,2013,6237,7751,141,2013-09,35823,49952
Kentucky,Sep,2014,6912,8077,183,2014-09,60765,75937
Kentucky,Sep,2015,8437,8102,214,2015-09,241368,258121
Kentucky,Sep,2016,8917,8172,257,2016-09,276744,294090
Kentucky,Sep,2017,8112,7543,253,2017-09,378384,394292
Kentucky,Sep,2018,6603,6014,300,2018-09,393160,406077
Kentucky,Sep,2019,8526,6502,489,2019-09,1675,17192
Kentucky,Sep,2020,16006,10674,715,2020-09,2039,29434
Kentucky,Sep,2021,10921,9383,586,2021-09,703,21593
Kentucky,Sep,2022,9610,7857,527,2022-09,638,18632
Kentucky,Sep,2023,8369,7610,472,2023-09,509,16960
North Carolina,Apr,2010,203,7514,169,2010-04,12280,20166
North Carolina,Apr,2011,295,8863,254,2011-04,13480,22892
North Carolina,Apr,2012,595,10061,248,2012-04,16909,27813
North Carolina,Apr,2013,635,13493,517,2013-04,28195,42840
North Carolina,Apr,2014,899,9966,496,2014-04,44082,55443
North Carolina,Apr,2015,950,9667,535,2015-04,22434,33586
North Carolina,Apr,2016,1250,10280,607,2016-04,27505,39642
North Carolina,Apr,2017,1471,9870,678,2017-04,24568,36587
North Carolina,Apr,2018,1340,10138,1121,2018-04,31747,44346
North Carolina,Apr,2019,1487,8892,980,2019-04,27292,38651
North Carolina,Apr,2020,2199,20928,1705,2020-04,37217,62049
North Carolina,Apr,2021,1936,17807,1642,2021-04,50010,71395
North Carolina,Apr,2022,1655,12435,1148,2022-04,27640,42878
North Carolina,Apr,2023,46040,11984,1388,2023-04,18825,78237
North Carolina,Aug,2009,193,9260,149,2009-08,11878,21480
North Carolina,Aug,2010,223,9248,169,2010-08,13321,22961
North Carolina,Aug,2011,245,10475,215,2011-08,13217,24152
North Carolina,Aug,2012,663,13545,346,2012-08,17510,32064
North Carolina,Aug,2013,1125,13357,322,2013-08,17404,32208
North Carolina,Aug,2014,930,12038,448,2014-08,16602,30018
North Carolina,Aug,2015,1063,11789,575,2015-08,21906,35333
North Carolina,Aug,2016,1208,12513,755,2016-08,28076,42552
North Carolina,Aug,2017,1194,11949,649,2017-08,23051,36843
North Carolina,Aug,2018,1180,10190,738,2018-08,22956,35064
North Carolina,Aug,2019,1724,11474,1225,2019-08,24648,39071
North Carolina,Aug,2020,2534,18885,1603,2020-08,51670,74692
North Carolina,Aug,2021,1541,14143,1158,2021-08,32676,49518
North Carolina,Aug,2022,1571,12808,1231,2022-08,29181,44791
North Carolina,Aug,2023,21623,10674,1307,2023-08,13410,47014
North Carolina,Dec,2009,239,21565,208,2009-12,12785,34797
North Carolina,Dec,2010,361,22141,178,2010-12,12712,35392
North Carolina,Dec,2011,653,27849,311,2011-12,15879,44692
North Carolina,Dec,2012,1234,41758,773,2012-12,25445,69210
North Carolina,Dec,2013,1171,28667,472,2013-12,24231,54541
North Carolina,Dec,2014,1745,27082,658,2014-12,22263,51748
North Carolina,Dec,2015,2536,31238,1282,2015-12,36332,71388
North Carolina,Dec,2016,2163,28023,907,2016-12,29463,60556
North Carolina,Dec,2017,2452,25060,1062,2017-12,24036,52610
North Carolina,Dec,2018,2367,22327,1265,2018-12,21349,47308
North Carolina,Dec,2019,2559,22945,1295,2019-12,23541,50340
North Carolina,Dec,2020,2647,28052,1607,2020-12,45294,77600
North Carolina,Dec,2021,2495,25331,1599,2021-12,31504,60929
North Carolina,Dec,2022,2841,23239,1438,2022-12,28256,55774
North Carolina,Feb,2010,325,11629,208,2010-02,14598,26760
North Carolina,Feb,2011,359,12774,279,2011-02,18129,31541
North Carolina,Feb,2012,857,16115,482,2012-02,24362,41816
North Carolina,Feb,2013,1085,21728,691,2013-02,41227,64731
North Carolina,Feb,2014,1082,15014,504,2014-02,199748,216348
North Carolina,Feb,2015,1364,14638,772,2015-02,24718,41492
North Carolina,Feb,2016,1543,14935,835,2016-02,33753,51066
North Carolina,Feb,2017,1410,13488,780,2017-02,29573,45251
North Carolina,Feb,2018,1642,13498,1104,2018-02,30480,46724
North Carolina,Feb,2019,1620,11335,1083,2019-02,29866,43904
North Carolina,Feb,2020,1984,13177,1191,2020-02,29736,46088
North Carolina,Feb,2021,2128,15798,1387,2021-02,49450,68763
North Carolina,Feb,2022,1881,14517,1146,2022-02,34544,52088
North Carolina,Feb,2023,1745,12607,1103,2023-02,33159,48614
North Carolina,Jan,2010,230,9770,165,2010-01,13077,23242
North Carolina,Jan,2011,297,9911,166,2011-01,14564,24938
North Carolina,Jan,2012,564,11920,390,2012-01,19968,32842
North Carolina,Jan,2013,1282,22157,755,2013-01,42040,66234
North Carolina,Jan,2014,743,11645,457,2014-01,24661,37506
North Carolina,Jan,2015,1291,13043,641,2015-01,23597,38572
North Carolina,Jan,2016,1350,12950,920,2016-01,33032,48252
North Carolina,Jan,2017,1073,11218,802,2017-01,29898,42991
North Carolina,Jan,2018,1271,9931,855,2018-01,27638,39695
North Carolina,Jan,2019,1409,10951,1148,2019-01,29088,42596
North Carolina,Jan,2020,1836,12908,1316,2020-01,33070,49130
North Carolina,Jan,2021,2814,25266,1994,2021-01,51156,81230
North Carolina,Jan,2022,1662,12250,1190,2022-01,32363,47465
North Carolina,Jan,2023,1728,12327,1099,2023-01,35510,50664
North Carolina,Jul,2009,176,7255,126,2009-07,12130,19687
North Carolina,Jul,2010,240,7092,152,2010-07,11000,18484
North Carolina,Jul,2011,242,7556,169,2011-07,10918,18885
North Carolina,Jul,2012,653,9311,234,2012-07,15805,26003
North Carolina,Jul,2013,561,9607,293,2013-07,19239,29700
North Carolina,Jul,2014,787,8442,392,2014-07,17153,26774
North Carolina,Jul,2015,964,9325,531,2015-07,22174,32994
North Carolina,Jul,2016,1157,12487,1025,2016-07,25408,40077
North Carolina,Jul,2017,1059,9316,551,2017-07,20102,31028
North Carolina,Jul,2018,1145,7771,716,2018-07,22044,31676
North Carolina,Jul,2019,1265,7650,806,2019-07,22769,32490
North Carolina,Jul,2020,2865,20322,1965,2020-07,54287,79439
North Carolina,Jul,2021,1670,12991,1243,2021-07,36869,52773
North Carolina,Jul,2022,1928,11528,1229,2022-07,25762,40447
North Carolina,Jul,2023,21984,8739,1316,2023-07,13623,45662
North Carolina,Jun,2009,179,7067,9,2009-06,13322,20577
North Carolina,Jun,2010,226,6657,166,2010-06,10766,17815
North Carolina,Jun,2011,241,7371,158,2011-06,12014,19784
North Carolina,Jun,2012,650,9506,224,2012-06,14120,24500
North Carolina,Jun,2013,594,9733,312,2013-06,18140,28779
North Carolina,Jun,2014,751,8702,360,2014-06,18553,28366
North Carolina,Jun,2015,1034,8587,459,2015-06,19637,29717
North Carolina,Jun,2016,1181,11749,943,2016-06,26567,40440
North Carolina,Jun,2017,1581,9570,558,2017-06,23048,34757
North Carolina,Jun,2018,1348,8100,762,2018-06,22909,33119
North Carolina,Jun,2019,1411,7908,894,2019-06,20392,30605
North Carolina,Jun,2020,3380,25843,2162,2020-06,55925,87310
North Carolina,Jun,2021,1673,12788,1269,2021-06,40234,55964
North Carolina,Jun,2022,1819,13030,1398,2022-06,30651,46898
North Carolina,Jun,2023,25982,9799,1266,2023-06,16139,53186
North Carolina,Mar,2010,281,9850,213,2010-03,16819,27163
North Carolina,Mar,2011,356,10789,240,2011-03,19384,30769
North Carolina,Mar,2012,746,12962,429,2012-03,22750,36887
North Carolina,Mar,2013,936,19162,627,2013-03,32790,53515
North Carolina,Mar,2014,1054,13571,528,2014-03,522188,537341
North Carolina,Mar,2015,1182,12154,639,2015-03,27047,41022
North Carolina,Mar,2016,1494,12263,673,2016-03,34897,49327
North Carolina,Mar,2017,1669,13837,875,2017-03,34178,50559
North Carolina,Mar,2018,1808,16114,1705,2018-03,37263,56890
North Carolina,Mar,2019,1931,12758,1249,2019-03,32987,48925
North Carolina,Mar,2020,2488,31949,2016,2020-03,40903,77356
North Carolina,Mar,2021,2461,22751,1857,2021-03,57556,84625
North Carolina,Mar,2022,1968,17087,1563,2022-03,40807,61425
North Carolina,Mar,2023,10041,13772,1214,2023-03,37018,62045
North Carolina,May,2010,206,7040,150,2010-05,10430,17826
North Carolina,May,2011,222,7265,180,2011-05,12226,19893
North Carolina,May,2012,625,9359,266,2012-05,17474,27724
North Carolina,May,2013,652,11406,380,2013-05,22157,34595
North Carolina,May,2014,767,8557,394,2014-05,20461,30179
North Carolina,May,2015,1155,8393,482,2015-05,18448,28478
North Carolina,May,2016,1119,8506,518,2016-05,25228,35371
North Carolina,May,2017,1363,9129,673,2017-05,24726,35891
North Carolina,May,2018,1322,8298,903,2018-05,28921,39444
North Carolina,May,2019,1312,7798,989,2019-05,24202,34301
North Carolina,May,2020,2365,18508,1631,2020-05,34964,57468
North Carolina,May,2021,1739,13357,1283,2021-05,39022,55401
North Carolina,May,2022,1579,10792,1044,2022-05,27642,41057
North Carolina,May,2023,30437,10045,1315,2023-05,18244,60041
North Carolina,Nov,2009,214,15387,117,2009-11,10753,26471
North Carolina,Nov,2010,275,16136,158,2010-11,11839,28408
North Carolina,Nov,2011,299,19954,210,2011-11,13378,33841
North Carolina,Nov,2012,798,27342,530,2012-11,19178,47848
North Carolina,Nov,2013,858,21936,380,2013-11,21573,44747
North Carolina,Nov,2014,1210,22312,483,2014-11,16716,40721
North Carolina,Nov,2015,1370,20107,576,2015-11,22469,44522
North Carolina,Nov,2016,1709,23215,939,2016-11,29034,54897
North Carolina,Nov,2017,2123,19943,860,2017-11,23962,46888
North Carolina,Nov,2018,2159,18381,927,2018-11,21929,43396
North Carolina,Nov,2019,2394,18720,1086,2019-11,20804,43004
North Carolina,Nov,2020,2770,28807,1852,2020-11,45847,79276
North Carolina,Nov,2021,2142,20952,1094,2021-11,30588,54776
North Carolina,Nov,2022,2400,17849,1015,2022-11,26689,47953
North Carolina,Oct,2009,212,13089,145,2009-10,11507,24953
North Carolina,Oct,2010,230,11897,169,2010-10,11691,23987
North Carolina,Oct,2011,237,14253,224,2011-10,12259,26973
North Carolina,Oct,2012,788,16214,353,2012-10,18364,35719
North Carolina,Oct,2013,737,15688,322,2013-10,18592,35339
North Carolina,Oct,2014,1155,15491,465,2014-10,20331,37442
North Carolina,Oct,2015,1203,15479,602,2015-10,23356,40640
North Carolina,Oct,2016,1353,15980,1042,2016-10,26407,44782
North Carolina,Oct,2017,1501,13877,757,2017-10,22591,38726
North Carolina,Oct,2018,1392,12065,724,2018-10,20798,34979
North Carolina,Oct,2019,1370,12811,1014,2019-10,22917,38112
North Carolina,Oct,2020,2421,21403,1663,2020-10,51717,77204
North Carolina,Oct,2021,1629,16638,1196,2021-10,30183,49646
North Carolina,Oct,2022,1458,14220,982,2022-10,24964,41624
North Carolina,Sep,2009,183,10168,118,2009-09,11505,21974
North Carolina,Sep,2010,207,9925,162,2010-09,12189,22483
North Carolina,Sep,2011,257,11602,210,2011-09,12120,24189
North Carolina,Sep,2012,662,13039,261,2012-09,15111,29073
North Carolina,Sep,2013,578,12550,324,2013-09,16506,29958
North Carolina,Sep,2014,926,12314,364,2014-09,17095,30699
North Carolina,Sep,2015,1131,12571,581,2015-09,23350,37633
North Carolina,Sep,2016,1068,14018,722,2016-09,25994,41802
North Carolina,Sep,2017,1235,11340,657,2017-09,19292,32524
North Carolina,Sep,2018,958,8836,700,2018-09,15458,25952
North Carolina,Sep,2019,1306,10756,941,2019-09,21099,34102
North Carolina,Sep,2020,2274,19325,1531,2020-09,47822,70952
North Carolina,Sep,2021,1589,15434,1274,2021-09,31495,49792
North Carolina,Sep,2022,1347,12819,1094,2022-09,24094,39354
North Carolina,Sep,2023,20144,11064,1167,2023-09,10456,42831
Ohio,Apr,2010,17333,11342,329,2010-04,1,29005
Ohio,Apr,2011,21622,14325,472,2011-04,0,36419
Ohio,Apr,2012,25352,15717,610,2012-04,0,41679
Ohio,Apr,2013,31627,21579,1266,2013-04,0,54472
Ohio,Apr,2014,26196,18183,1228,2014-04,0,45607
Ohio,Apr,2015,26841,16124,1256,2015-04,12671,56892
Ohio,Apr,2016,32959,17664,1618,2016-04,16083,68324
Ohio,Apr,2017,31417,16030,1580,2017-04,14485,63512
Ohio,Apr,2018,25111,15459,1971,2018-04,19651,62192
Ohio,Apr,2019,22541,11994,2104,2019-04,14338,50977
Ohio,Apr,2020,37486,18560,2295,2020-04,6057,64398
Ohio,Apr,2021,34710,18884,1928,2021-04,24166,79688
Ohio,Apr,2022,27592,15402,1585,2022-04,8958,53537
Ohio,Apr,2023,23293,15181,1549,2023-04,9427,49450
Ohio,Aug,2009,12895,11300,367,2009-08,0,24562
Ohio,Aug,2010,14235,11330,380,2010-08,0,25945
Ohio,Aug,2011,17325,13410,345,2011-08,0,31080
Ohio,Aug,2012,23175,16601,763,2012-08,0,40539
Ohio,Aug,2013,21681,16535,723,2013-08,0,38939
Ohio,Aug,2014,20742,16787,939,2014-08,0,38468
Ohio,Aug,2015,23147,15795,1132,2015-08,8706,48780
Ohio,Aug,2016,26261,17526,1626,2016-08,13656,59069
Ohio,Aug,2017,21432,14447,1242,2017-08,10264,47385
Ohio,Aug,2018,18482,12449,1181,2018-08,14802,46914
Ohio,Aug,2019,22222,12658,1901,2019-08,11005,47786
Ohio,Aug,2020,37224,19937,2099,2020-08,18116,77376
Ohio,Aug,2021,21249,15507,1483,2021-08,16780,55019
Ohio,Aug,2022,23314,13691,1581,2022-08,5805,44391
Ohio,Aug,2023,18488,12634,1424,2023-08,8426,40972
Ohio,Dec,2009,17880,20595,320,2009-12,0,38795
Ohio,Dec,2010,21429,22061,375,2010-12,0,43865
Ohio,Dec,2011,29717,28886,594,2011-12,0,59197
Ohio,Dec,2012,48667,47197,2002,2012-12,0,97866
Ohio,Dec,2013,31976,30852,1252,2013-12,0,64080
Ohio,Dec,2014,35658,30752,1609,2014-12,0,68019
Ohio,Dec,2015,60280,38256,2942,2015-12,13879,115357
Ohio,Dec,2016,40996,29641,1877,2016-12,11781,84295
Ohio,Dec,2017,34374,27651,1773,2017-12,10932,74730
Ohio,Dec,2018,30746,25012,1863,2018-12,11684,69305
Ohio,Dec,2019,31054,23312,2223,2019-12,9850,66439
Ohio,Dec,2020,33723,27057,1804,2020-12,19242,81826
Ohio,Dec,2021,32597,24233,2522,2021-12,12210,71562
Ohio,Dec,2022,33116,21775,1912,2022-12,5951,62754
Ohio,Feb,2010,18528,12089,408,2010-02,0,31025
Ohio,Feb,2011,24197,14456,579,2011-02,0,39232
Ohio,Feb,2012,35526,19840,770,2012-02,0,56136
Ohio,Feb,2013,45622,26931,1624,2013-02,0,74177
Ohio,Feb,2014,32864,19732,1373,2014-02,0,53969
Ohio,Feb,2015,34137,18836,1682,2015-02,2,54657
Ohio,Feb,2016,45459,20745,2196,2016-02,16201,84601
Ohio,Feb,2017,36244,18068,2030,2017-02,12784,69126
Ohio,Feb,2018,30691,19698,2193,2018-02,15308,67890
Ohio,Feb,2019,25652,13985,1635,2019-02,12403,53675
Ohio,Feb,2020,29360,14843,2448,2020-02,12123,58774
Ohio,Feb,2021,28134,16727,1730,2021-02,18462,65053
Ohio,Feb,2022,24245,14659,1633,2022-02,10572,51109
Ohio,Feb,2023,28191,15172,1813,2023-02,8115,53291
Ohio,Jan,2010,16178,11272,435,2010-01,0,27885
Ohio,Jan,2011,18305,11163,417,2011-01,0,29885
Ohio,Jan,2012,22307,13742,532,2012-01,0,36581
Ohio,Jan,2013,49243,29034,1625,2013-01,0,79902
Ohio,Jan,2014,21851,14893,1266,2014-01,0,38010
Ohio,Jan,2015,26268,16186,1678,2015-01,0,44132
Ohio,Jan,2016,38028,18613,2460,2016-01,13836,72937
Ohio,Jan,2017,27124,15070,1696,2017-01,11790,55680
Ohio,Jan,2018,21340,12521,1704,2018-01,13183,48748
Ohio,Jan,2019,19573,12290,1648,2019-01,13134,46645
Ohio,Jan,2020,24218,13069,2066,2020-01,13211,52564
Ohio,Jan,2021,45379,26775,2405,2021-01,19539,94098
Ohio,Jan,2022,21582,13064,1956,2022-01,11385,47987
Ohio,Jan,2023,24938,13130,1563,2023-01,7097,46728
Ohio,Jul,2009,12794,10179,368,2009-07,0,23341
Ohio,Jul,2010,14141,9700,291,2010-07,0,24132
Ohio,Jul,2011,15404,10937,415,2011-07,0,26756
Ohio,Jul,2012,20677,13904,581,2012-07,0,35162
Ohio,Jul,2013,21099,14667,772,2013-07,0,36538
Ohio,Jul,2014,19770,14202,1000,2014-07,0,34972
Ohio,Jul,2015,23344,13252,1224,2015-07,8956,46776
Ohio,Jul,2016,27876,17720,2166,2016-07,11762,59524
Ohio,Jul,2017,20990,14131,1227,2017-07,9440,45788
Ohio,Jul,2018,16942,10255,1102,2018-07,13859,42158
Ohio,Jul,2019,15931,9342,1203,2019-07,10259,36735
Ohio,Jul,2020,43645,18865,2325,2020-07,18219,83054
Ohio,Jul,2021,22251,13383,1546,2021-07,18183,55363
Ohio,Jul,2022,25780,12538,1537,2022-07,5680,45535
Ohio,Jul,2023,18760,11771,1472,2023-07,8477,40480
Ohio,Jun,2009,12529,10182,14,2009-06,0,22725
Ohio,Jun,2010,12808,8904,259,2010-06,0,21971
Ohio,Jun,2011,15226,9991,370,2011-06,2,25589
Ohio,Jun,2012,20125,14019,462,2012-06,0,34606
Ohio,Jun,2013,20896,14770,716,2013-06,0,36382
Ohio,Jun,2014,18471,13177,947,2014-06,0,32595
Ohio,Jun,2015,22545,13307,1118,2015-06,9361,46331
Ohio,Jun,2016,24397,17086,2294,2016-06,13236,57013
Ohio,Jun,2017,23703,13536,1324,2017-06,11147,49710
Ohio,Jun,2018,17338,10649,1163,2018-06,15490,44640
Ohio,Jun,2019,17949,9885,1659,2019-06,10121,39614
Ohio,Jun,2020,54811,21686,2452,2020-06,15031,93980
Ohio,Jun,2021,23534,12963,1335,2021-06,20686,58518
Ohio,Jun,2022,29208,13273,1636,2022-06,6801,50918
Ohio,Jun,2023,18799,11658,1258,2023-06,9214,40929
Ohio,Mar,2010,21508,14073,456,2010-03,0,36037
Ohio,Mar,2011,26107,16404,623,2011-03,0,43134
Ohio,Mar,2012,33749,19245,886,2012-03,0,53880
Ohio,Mar,2013,42641,27725,1614,2013-03,0,71980
Ohio,Mar,2014,32656,21426,1535,2014-03,0,55617
Ohio,Mar,2015,32293,20400,1797,2015-03,4378,58868
Ohio,Mar,2016,40331,19408,2179,2016-03,19568,81486
Ohio,Mar,2017,37474,19925,2384,2017-03,17130,76913
Ohio,Mar,2018,36314,24477,3483,2018-03,21984,86258
Ohio,Mar,2019,31090,17313,2208,2019-03,16273,66884
Ohio,Mar,2020,63707,28817,2793,2020-03,12100,107417
Ohio,Mar,2021,42665,23081,2175,2021-03,25646,93567
Ohio,Mar,2022,35780,18954,2044,2022-03,13336,70114
Ohio,Mar,2023,29772,17706,2057,2023-03,10943,60478
Ohio,May,2010,14214,9410,332,2010-05,0,23956
Ohio,May,2011,17056,10842,359,2011-05,0,28257
Ohio,May,2012,20446,13211,551,2012-05,0,34208
Ohio,May,2013,23364,15596,849,2013-05,0,39809
Ohio,May,2014,21891,14553,1013,2014-05,0,37457
Ohio,May,2015,22978,12473,1026,2015-05,10082,46559
Ohio,May,2016,26069,13219,1435,2016-05,14797,55520
Ohio,May,2017,25230,12924,1375,2017-05,13712,53241
Ohio,May,2018,18830,10891,1395,2018-05,17766,48882
Ohio,May,2019,17577,9758,1569,2019-05,12245,41149
Ohio,May,2020,37486,17996,2268,2020-05,8302,66052
Ohio,May,2021,26043,13075,1345,2021-05,20247,60710
Ohio,May,2022,22495,11534,1208,2022-05,7224,42461
Ohio,May,2023,20161,11643,1319,2023-05,9365,42488
Ohio,Nov,2009,15223,20759,314,2009-11,0,36296
Ohio,Nov,2010,16886,22161,333,2010-11,0,39380
Ohio,Nov,2011,21362,24640,436,2011-11,0,46438
Ohio,Nov,2012,32230,36389,1108,2012-11,0,69727
Ohio,Nov,2013,26725,29854,962,2013-11,0,57541
Ohio,Nov,2014,26893,32001,1413,2014-11,0,60307
Ohio,Nov,2015,34878,31817,1392,2015-11,9338,77425
Ohio,Nov,2016,37304,32312,1977,2016-11,12670,84263
Ohio,Nov,2017,30973,28808,1690,2017-11,10890,72361
Ohio,Nov,2018,25372,26274,1615,2018-11,12779,66040
Ohio,Nov,2019,25230,24933,2034,2019-11,9271,61468
Ohio,Nov,2020,37382,32959,2122,2020-11,17994,90457
Ohio,Nov,2021,26580,24593,1942,2021-11,13688,66803
Ohio,Nov,2022,28175,23760,1472,2022-11,5430,58837
Ohio,Oct,2009,15130,15489,327,2009-10,0,30946
Ohio,Oct,2010,16955,14932,390,2010-10,0,32277
Ohio,Oct,2011,19153,16836,430,2011-10,1,36420
Ohio,Oct,2012,23729,21397,816,2012-10,0,45942
Ohio,Oct,2013,23348,20561,847,2013-10,0,44756
Ohio,Oct,2014,25552,22111,1495,2014-10,0,49158
Ohio,Oct,2015,27354,20613,1347,2015-10,9017,58331
Ohio,Oct,2016,30593,21991,2592,2016-10,12693,67869
Ohio,Oct,2017,22833,18172,1593,2017-10,10458,53056
Ohio,Oct,2018,18401,15830,1139,2018-10,12733,48103
Ohio,Oct,2019,18896,16127,1706,2019-10,10826,47555
Ohio,Oct,2020,35332,23048,1962,2020-10,21228,81570
Ohio,Oct,2021,23158,18255,1983,2021-10,14963,58359
Ohio,Oct,2022,21257,15147,1196,2022-10,5432,43032
Ohio,Sep,2009,12947,12103,338,2009-09,0,25388
Ohio,Sep,2010,14875,12466,296,2010-09,0,27637
Ohio,Sep,2011,17864,14411,450,2011-09,0,32725
Ohio,Sep,2012,22700,18049,649,2012-09,0,41398
Ohio,Sep,2013,20526,18142,765,2013-09,0,39433
Ohio,Sep,2014,20852,17783,912,2014-09,0,39547
Ohio,Sep,2015,23309,16734,1383,2015-09,8942,50368
Ohio,Sep,2016,24297,18038,1573,2016-09,11166,55074
Ohio,Sep,2017,21085,14998,1202,2017-09,8741,46026
Ohio,Sep,2018,17460,13312,1110,2018-09,10640,42522
Ohio,Sep,2019,17083,13048,1534,2019-09,10321,41986
Ohio,Sep,2020,32432,19759,1717,2020-09,19438,73346
Ohio,Sep,2021,21142,16111,1695,2021-09,14950,53898
Ohio,Sep,2022,22226,14018,1282,2022-09,5234,42760
Ohio,Sep,2023,18621,14068,1400,2023-09,6841,40930
Pennsylvania,Apr,2010,1,49644,0,2010-04,211,49856
Pennsylvania,Apr,2011,2,61720,0,2011-04,182,61904
Pennsylvania,Apr,2012,29,71424,1,2012-04,235,71689
Pennsylvania,Apr,2013,22,64416,339,2013-04,26218,90995
Pennsylvania,Apr,2014,44546,7942,0,2014-04,22034,74522
Pennsylvania,Apr,2015,45156,7908,0,2015-04,21161,74225
Pennsylvania,Apr,2016,51472,11628,15,2016-04,24297,87412
Pennsylvania,Apr,2017,48255,11877,97,2017-04,24949,85178
Pennsylvania,Apr,2018,47093,13434,38,2018-04,29767,90332
Pennsylvania,Apr,2019,42418,12300,32,2019-04,24075,78825
Pennsylvania,Apr,2020,54041,14778,40,2020-04,6473,75332
Pennsylvania,Apr,2021,62389,25486,39,2021-04,43186,131100
Pennsylvania,Apr,2022,49384,21978,59,2022-04,30311,101732
Pennsylvania,Apr,2023,43869,21576,47,2023-04,31299,96791
Pennsylvania,Aug,2009,0,44637,0,2009-08,177,44814
Pennsylvania,Aug,2010,0,47082,0,2010-08,159,47241
Pennsylvania,Aug,2011,6,54551,0,2011-08,264,54821
Pennsylvania,Aug,2012,44,72106,10,2012-08,3014,75174
Pennsylvania,Aug,2013,29,52638,170,2013-08,17850,70687
Pennsylvania,Aug,2014,40384,8958,0,2014-08,18353,67695
Pennsylvania,Aug,2015,41542,7972,0,2015-08,19070,68584
Pennsylvania,Aug,2016,46155,11700,4,2016-08,27897,85756
Pennsylvania,Aug,2017,40628,13170,78,2017-08,24329,78205
Pennsylvania,Aug,2018,38142,11911,48,2018-08,23896,73997
Pennsylvania,Aug,2019,43559,13314,45,2019-08,25460,82378
Pennsylvania,Aug,2020,69325,24361,37,2020-08,36025,129748
Pennsylvania,Aug,2021,47491,21938,16,2021-08,32408,101853
Pennsylvania,Aug,2022,43173,19780,42,2022-08,32791,95786
Pennsylvania,Aug,2023,35397,18299,28,2023-08,29383,83107
Pennsylvania,Dec,2009,0,56138,0,2009-12,134,56272
Pennsylvania,Dec,2010,0,63195,0,2010-12,188,63383
Pennsylvania,Dec,2011,32,83662,2,2011-12,760,84456
Pennsylvania,Dec,2012,78,105826,319,2012-12,27017,133240
Pennsylvania,Dec,2013,20,68271,252,2013-12,18894,87437
Pennsylvania,Dec,2014,61828,12737,0,2014-12,20786,95351
Pennsylvania,Dec,2015,90055,18758,0,2015-12,44433,153246
Pennsylvania,Dec,2016,64220,18688,40,2016-12,28180,111128
Pennsylvania,Dec,2017,57826,19809,59,2017-12,29194,106888
Pennsylvania,Dec,2018,54857,20732,18,2018-12,22247,97854
Pennsylvania,Dec,2019,53180,20278,32,2019-12,21995,95485
Pennsylvania,Dec,2020,62948,29262,41,2020-12,33608,125859
Pennsylvania,Dec,2021,57822,30165,28,2021-12,31427,119442
Pennsylvania,Dec,2022,53009,28275,29,2022-12,32940,114253
Pennsylvania,Feb,2010,0,47152,0,2010-02,135,47287
Pennsylvania,Feb,2011,0,59739,0,2011-02,184,59923
Pennsylvania,Feb,2012,67,89116,1,2012-02,239,89423
Pennsylvania,Feb,2013,26,82258,278,2013-02,31277,113839
Pennsylvania,Feb,2014,47511,10231,0,2014-02,19168,76910
Pennsylvania,Feb,2015,51886,8727,0,2015-02,20284,80897
Pennsylvania,Feb,2016,61933,11791,0,2016-02,29651,103375
Pennsylvania,Feb,2017,54107,12734,37,2017-02,27792,94670
Pennsylvania,Feb,2018,51425,14849,34,2018-02,30952,97260
Pennsylvania,Feb,2019,47570,13297,17,2019-02,22785,83669
Pennsylvania,Feb,2020,53384,15473,53,2020-02,23294,92204
Pennsylvania,Feb,2021,54737,22421,40,2021-02,36118,113316
Pennsylvania,Feb,2022,50228,21323,50,2022-02,32399,104000
Pennsylvania,Feb,2023,47212,21088,35,2023-02,35314,103649
Pennsylvania,Jan,2010,0,47194,0,2010-01,165,47359
Pennsylvania,Jan,2011,0,48470,0,2011-01,505,48975
Pennsylvania,Jan,2012,19,66405,0,2012-01,257,66681
Pennsylvania,Jan,2013,61,93619,304,2013-01,41617,135601
Pennsylvania,Jan,2014,207,48368,153,2014-01,21228,69956
Pennsylvania,Jan,2015,44966,7800,0,2015-01,20519,73285
Pennsylvania,Jan,2016,57355,10224,0,2016-01,33905,101484
Pennsylvania,Jan,2017,44199,10689,50,2017-01,30105,85043
Pennsylvania,Jan,2018,37308,10242,27,2018-01,29797,77374
Pennsylvania,Jan,2019,40144,11833,7,2019-01,24429,76413
Pennsylvania,Jan,2020,46160,13636,70,2020-01,27221,87087
Pennsylvania,Jan,2021,81592,32671,41,2021-01,44600,158904
Pennsylvania,Jan,2022,41927,18418,16,2022-01,31744,92105
Pennsylvania,Jan,2023,42802,19236,33,2023-01,38338,100409
Pennsylvania,Jul,2009,0,42530,0,2009-07,207,42737
Pennsylvania,Jul,2010,2,42637,0,2010-07,253,42892
Pennsylvania,Jul,2011,0,45503,0,2011-07,143,45646
Pennsylvania,Jul,2012,40,63868,0,2012-07,319,64227
Pennsylvania,Jul,2013,19,43118,217,2013-07,17521,60875
Pennsylvania,Jul,2014,34544,6543,0,2014-07,18465,59552
Pennsylvania,Jul,2015,38287,6885,0,2015-07,19538,64710
Pennsylvania,Jul,2016,46843,11793,19,2016-07,26819,85474
Pennsylvania,Jul,2017,37329,11694,159,2017-07,23669,72851
Pennsylvania,Jul,2018,33494,9738,29,2018-07,22245,65506
Pennsylvania,Jul,2019,33850,10017,27,2019-07,21201,65095
Pennsylvania,Jul,2020,77854,22276,68,2020-07,41217,141415
Pennsylvania,Jul,2021,46698,19944,28,2021-07,31780,98450
Pennsylvania,Jul,2022,42923,18194,40,2022-07,31640,92797
Pennsylvania,Jul,2023,33320,15865,19,2023-07,26303,75507
Pennsylvania,Jun,2009,1,43184,0,2009-06,167,43352
Pennsylvania,Jun,2010,0,42880,0,2010-06,157,43037
Pennsylvania,Jun,2011,1,46047,0,2011-06,205,46253
Pennsylvania,Jun,2012,53,60185,0,2012-06,295,60533
Pennsylvania,Jun,2013,20,45518,266,2013-06,16187,61991
Pennsylvania,Jun,2014,33261,6077,0,2014-06,16933,56271
Pennsylvania,Jun,2015,39007,6733,0,2015-06,17846,63586
Pennsylvania,Jun,2016,44677,11841,35,2016-06,23639,80192
Pennsylvania,Jun,2017,41408,11117,200,2017-06,22674,75399
Pennsylvania,Jun,2018,37280,10817,29,2018-06,22056,70182
Pennsylvania,Jun,2019,36023,10325,27,2019-06,19159,65534
Pennsylvania,Jun,2020,90652,24029,66,2020-06,35753,150500
Pennsylvania,Jun,2021,46571,19100,29,2021-06,33431,99131
Pennsylvania,Jun,2022,48211,20917,38,2022-06,34445,103611
Pennsylvania,Jun,2023,36449,18162,12,2023-06,28640,83263
Pennsylvania,Mar,2010,1,65524,0,2010-03,201,65726
Pennsylvania,Mar,2011,0,71904,0,2011-03,231,72135
Pennsylvania,Mar,2012,64,92661,0,2012-03,280,93005
Pennsylvania,Mar,2013,43,84244,349,2013-03,29573,114209
Pennsylvania,Mar,2014,57940,10351,0,2014-03,25102,93393
Pennsylvania,Mar,2015,56770,10644,0,2015-03,24290,91704
Pennsylvania,Mar,2016,60489,12299,0,2016-03,31577,104365
Pennsylvania,Mar,2017,61207,15836,86,2017-03,32238,109367
Pennsylvania,Mar,2018,67756,19867,53,2018-03,34317,121993
Pennsylvania,Mar,2019,60068,16921,29,2019-03,27864,104882
Pennsylvania,Mar,2020,81319,22031,30,2020-03,20598,123978
Pennsylvania,Mar,2021,74896,30420,49,2021-03,47252,152617
Pennsylvania,Mar,2022,58010,25770,53,2022-03,39213,123046
Pennsylvania,Mar,2023,54232,25246,31,2023-03,41187,120696
Pennsylvania,May,2010,0,41483,0,2010-05,178,41661
Pennsylvania,May,2011,3,48124,0,2011-05,214,48341
Pennsylvania,May,2012,36,62046,0,2012-05,261,62343
Pennsylvania,May,2013,20,49732,265,2013-05,20864,70881
Pennsylvania,May,2014,38001,6871,0,2014-05,18372,63244
Pennsylvania,May,2015,38419,6825,0,2015-05,16899,62143
Pennsylvania,May,2016,39963,8770,23,2016-05,20806,69562
Pennsylvania,May,2017,42646,11123,157,2017-05,24962,78888
Pennsylvania,May,2018,39765,10670,31,2018-05,23778,74244
Pennsylvania,May,2019,38050,10807,13,2019-05,22289,71159
Pennsylvania,May,2020,56455,16255,85,2020-05,14063,86858
Pennsylvania,May,2021,48158,19442,32,2021-05,33626,101258
Pennsylvania,May,2022,41014,17026,64,2022-05,29483,87587
Pennsylvania,May,2023,37238,17503,23,2023-05,31735,86499
Pennsylvania,Nov,2009,0,59769,0,2009-11,170,59939
Pennsylvania,Nov,2010,1,67043,0,2010-11,204,67248
Pennsylvania,Nov,2011,24,73464,0,2011-11,196,73684
Pennsylvania,Nov,2012,50,78231,322,2012-11,21226,99829
Pennsylvania,Nov,2013,25,70428,184,2013-11,18342,88979
Pennsylvania,Nov,2014,57010,13907,22,2014-11,16515,87454
Pennsylvania,Nov,2015,62752,16297,0,2015-11,24136,103185
Pennsylvania,Nov,2016,66188,20487,42,2016-11,30800,117517
Pennsylvania,Nov,2017,54967,21597,44,2017-11,27003,103611
Pennsylvania,Nov,2018,49328,20463,24,2018-11,22376,92191
Pennsylvania,Nov,2019,49972,22212,39,2019-11,18877,91100
Pennsylvania,Nov,2020,75428,34686,29,2020-11,38174,148317
Pennsylvania,Nov,2021,47708,29011,25,2021-11,31113,107857
Pennsylvania,Nov,2022,45307,27505,28,2022-11,32362,105202
Pennsylvania,Oct,2009,0,55853,0,2009-10,152,56005
Pennsylvania,Oct,2010,1,56795,0,2010-10,545,57341
Pennsylvania,Oct,2011,26,62938,1,2011-10,157,63122
Pennsylvania,Oct,2012,29,58116,201,2012-10,21475,79821
Pennsylvania,Oct,2013,16,58745,186,2013-10,20253,79200
Pennsylvania,Oct,2014,50150,10758,0,2014-10,22166,83074
Pennsylvania,Oct,2015,50119,10921,0,2015-10,20840,81880
Pennsylvania,Oct,2016,56836,16223,40,2016-10,29248,102347
Pennsylvania,Oct,2017,43923,15604,67,2017-10,26555,86149
Pennsylvania,Oct,2018,41412,14583,27,2018-10,23850,79872
Pennsylvania,Oct,2019,44371,17094,54,2019-10,23379,84898
Pennsylvania,Oct,2020,73607,29581,45,2020-10,41227,144460
Pennsylvania,Oct,2021,50185,25812,22,2021-10,32577,108596
Pennsylvania,Oct,2022,43318,22321,42,2022-10,34029,99710
Pennsylvania,Sep,2009,0,50144,0,2009-09,189,50333
Pennsylvania,Sep,2010,0,51739,0,2010-09,173,51912
Pennsylvania,Sep,2011,0,58431,0,2011-09,168,58599
Pennsylvania,Sep,2012,27,53559,203,2012-09,18775,72564
Pennsylvania,Sep,2013,16,52691,172,2013-09,17132,70011
Pennsylvania,Sep,2014,42506,8823,0,2014-09,20044,71373
Pennsylvania,Sep,2015,42205,8762,0,2015-09,18607,69574
Pennsylvania,Sep,2016,46101,12697,31,2016-09,26936,85765
Pennsylvania,Sep,2017,39825,13222,48,2017-09,23144,76239
Pennsylvania,Sep,2018,36793,12563,36,2018-09,20170,69562
Pennsylvania,Sep,2019,40203,14471,33,2019-09,21942,76649
Pennsylvania,Sep,2020,68109,25277,46,2020-09,39823,133255
Pennsylvania,Sep,2021,44601,22537,34,2021-09,33224,100396
Pennsylvania,Sep,2022,40911,20583,38,2022-09,33152,94684
Pennsylvania,Sep,2023,35055,19948,26,2023-09,25921,80950
Tennessee,Apr,2010,12533,8066,0,2010-04,9391,29990
Tennessee,Apr,2011,13983,9779,0,2011-04,10162,33924
Tennessee,Apr,2012,15736,10927,0,2012-04,6058,32721
Tennessee,Apr,2013,19072,14798,0,2013-04,11113,44983
Tennessee,Apr,2014,16972,11316,0,2014-04,7903,36191
Tennessee,Apr,2015,19190,11361,0,2015-04,13585,44136
Tennessee,Apr,2016,22965,12049,0,2016-04,4151,39165
Tennessee,Apr,2017,23031,11521,1164,2017-04,22073,57789
Tennessee,Apr,2018,23325,12360,1329,2018-04,16106,53120
Tennessee,Apr,2019,21848,10619,1224,2019-04,14849,48540
Tennessee,Apr,2020,38309,19001,1974,2020-04,18458,77742
Tennessee,Apr,2021,39652,19833,2036,2021-04,11845,73366
Tennessee,Apr,2022,29042,16037,1805,2022-04,20346,67230
Tennessee,Apr,2023,27862,16636,1935,2023-04,16198,62631
Tennessee,Aug,2009,11855,9296,0,2009-08,34101,55252
Tennessee,Aug,2010,12546,10049,0,2010-08,7305,29900
Tennessee,Aug,2011,13887,12061,0,2011-08,4620,30568
Tennessee,Aug,2012,17328,15654,0,2012-08,5372,38354
Tennessee,Aug,2013,16500,14236,0,2013-08,7673,38409
Tennessee,Aug,2014,17136,14233,0,2014-08,7569,38938
Tennessee,Aug,2015,22983,15384,0,2015-08,9774,48141
Tennessee,Aug,2016,22737,16198,0,2016-08,18828,57763
Tennessee,Aug,2017,19965,14204,1191,2017-08,14548,49908
Tennessee,Aug,2018,20996,13165,1112,2018-08,17141,52414
Tennessee,Aug,2019,25754,14536,1540,2019-08,4256,46086
Tennessee,Aug,2020,35007,21069,1837,2020-08,11438,69351
Tennessee,Aug,2021,29364,18154,1745,2021-08,16597,65860
Tennessee,Aug,2022,27877,16463,1898,2022-08,18727,64965
Tennessee,Aug,2023,23835,15229,1630,2023-08,8783,49477
Tennessee,Dec,2009,16886,20554,0,2009-12,10098,47538
Tennessee,Dec,2010,18915,22001,0,2010-12,9484,50400
Tennessee,Dec,2011,24452,27923,0,2011-12,3499,55874
Tennessee,Dec,2012,37951,43721,0,2012-12,8429,90101
Tennessee,Dec,2013,24107,29742,0,2013-12,9866,63715
Tennessee,Dec,2014,30117,30298,0,2014-12,11115,71530
Tennessee,Dec,2015,51923,36311,0,2015-12,10092,98326
Tennessee,Dec,2016,36917,30997,1807,2016-12,5124,74845
Tennessee,Dec,2017,37860,28825,1984,2017-12,19260,87929
Tennessee,Dec,2018,34499,26987,1847,2018-12,12652,75985
Tennessee,Dec,2019,35893,26800,1899,2019-12,10319,74911
Tennessee,Dec,2020,40019,32201,2195,2020-12,10324,84739
Tennessee,Dec,2021,42865,30049,2596,2021-12,16748,92258
Tennessee,Dec,2022,40500,28530,2569,2022-12,13694,85293
Tennessee,Feb,2010,18309,12832,0,2010-02,15683,46824
Tennessee,Feb,2011,21069,13707,0,2011-02,6072,40848
Tennessee,Feb,2012,25658,17153,0,2012-02,5111,47922
Tennessee,Feb,2013,32630,23703,0,2013-02,13110,69443
Tennessee,Feb,2014,25694,17965,0,2014-02,10826,54485
Tennessee,Feb,2015,27069,16763,0,2015-02,8703,52535
Tennessee,Feb,2016,36439,18121,0,2016-02,12348,66908
Tennessee,Feb,2017,31982,16425,1559,2017-02,19252,69218
Tennessee,Feb,2018,31159,16929,1818,2018-02,16709,66615
Tennessee,Feb,2019,27213,14058,1500,2019-02,19935,62706
Tennessee,Feb,2020,32364,15464,1688,2020-02,8152,57668
Tennessee,Feb,2021,29633,17566,1760,2021-02,9436,58395
Tennessee,Feb,2022,32612,17688,2030,2022-02,23674,76004
Tennessee,Feb,2023,31754,16829,1961,2023-02,17084,67628
Tennessee,Jan,2010,12900,9816,0,2010-01,2873,25589
Tennessee,Jan,2011,15601,10436,0,2011-01,10749,36786
Tennessee,Jan,2012,18029,12590,0,2012-01,3810,34429
Tennessee,Jan,2013,34623,23963,0,2013-01,9601,68187
Tennessee,Jan,2014,17208,13754,0,2014-01,13942,44904
Tennessee,Jan,2015,22197,15007,0,2015-01,19362,56566
Tennessee,Jan,2016,30411,16571,0,2016-01,14485,61467
Tennessee,Jan,2017,23009,13583,1109,2017-01,45857,83558
Tennessee,Jan,2018,21023,12372,1125,2018-01,20657,55177
Tennessee,Jan,2019,22848,13776,1315,2019-01,20155,58094
Tennessee,Jan,2020,28938,14788,1507,2020-01,7872,53105
Tennessee,Jan,2021,46194,29203,2727,2021-01,10595,88719
Tennessee,Jan,2022,26275,15442,1623,2022-01,18354,61694
Tennessee,Jan,2023,28782,16472,1901,2023-01,19015,66170
Tennessee,Jul,2009,11526,7335,0,2009-07,6717,25578
Tennessee,Jul,2010,12405,8038,0,2010-07,6529,26972
Tennessee,Jul,2011,12455,8834,0,2011-07,8077,29366
Tennessee,Jul,2012,15308,11123,0,2012-07,7955,34386
Tennessee,Jul,2013,15367,10932,0,2013-07,7609,33908
Tennessee,Jul,2014,15442,10414,0,2014-07,7937,33793
Tennessee,Jul,2015,22803,12231,0,2015-07,21886,56920
Tennessee,Jul,2016,26276,16118,0,2016-07,1915,44309
Tennessee,Jul,2017,20279,11425,1125,2017-07,19766,52595
Tennessee,Jul,2018,19188,9840,1071,2018-07,18098,48197
Tennessee,Jul,2019,19494,10191,1116,2019-07,12773,43574
Tennessee,Jul,2020,42011,20831,2075,2020-07,13825,78742
Tennessee,Jul,2021,31906,15260,1650,2021-07,37055,85871
Tennessee,Jul,2022,28300,14569,1971,2022-07,18356,63196
Tennessee,Jul,2023,23702,12849,1494,2023-07,12047,50092
Tennessee,Jun,2009,10816,7062,0,2009-06,5112,22990
Tennessee,Jun,2010,11699,6858,0,2010-06,7089,25646
Tennessee,Jun,2011,12513,7998,0,2011-06,5343,25854
Tennessee,Jun,2012,14810,10732,0,2012-06,7456,32998
Tennessee,Jun,2013,14513,10657,0,2013-06,10615,35785
Tennessee,Jun,2014,14563,10004,0,2014-06,7435,32002
Tennessee,Jun,2015,18596,10241,0,2015-06,12888,41725
Tennessee,Jun,2016,22476,15194,0,2016-06,2123,39793
Tennessee,Jun,2017,23369,11558,1237,2017-06,16722,52886
Tennessee,Jun,2018,20805,10399,1821,2018-06,14845,47870
Tennessee,Jun,2019,20708,9777,1510,2019-06,12748,44743
Tennessee,Jun,2020,50593,21516,2293,2020-06,16200,90602
Tennessee,Jun,2021,30015,14389,1712,2021-06,60775,106891
Tennessee,Jun,2022,30112,15782,2142,2022-06,18559,66595
Tennessee,Jun,2023,24651,13369,1591,2023-06,12014,51625
Tennessee,Mar,2010,15605,10938,0,2010-03,16223,42766
Tennessee,Mar,2011,18753,11979,0,2011-03,17760,48492
Tennessee,Mar,2012,19732,14661,0,2012-03,5440,39833
Tennessee,Mar,2013,26152,21626,0,2013-03,12700,60478
Tennessee,Mar,2014,19944,15014,0,2014-03,7488,42446
Tennessee,Mar,2015,22617,14513,0,2015-03,1967,39097
Tennessee,Mar,2016,27951,14909,0,2016-03,2578,45438
Tennessee,Mar,2017,29369,15922,1526,2017-03,27766,74583
Tennessee,Mar,2018,32501,19418,1997,2018-03,17501,71417
Tennessee,Mar,2019,30728,15086,1463,2019-03,19094,66371
Tennessee,Mar,2020,49546,25157,2954,2020-03,10431,88088
Tennessee,Mar,2021,46941,25205,2628,2021-03,12979,87753
Tennessee,Mar,2022,36454,20535,2205,2022-03,26109,85303
Tennessee,Mar,2023,32348,18569,2001,2023-03,18633,71551
Tennessee,May,2010,11886,6961,0,2010-05,4639,23486
Tennessee,May,2011,12655,7927,0,2011-05,12334,32916
Tennessee,May,2012,14337,9980,0,2012-05,6391,30708
Tennessee,May,2013,16850,12546,0,2013-05,12435,41831
Tennessee,May,2014,15607,10039,0,2014-05,7199,32845
Tennessee,May,2015,18928,10314,0,2015-05,10582,39824
Tennessee,May,2016,19232,10394,0,2016-05,2564,32190
Tennessee,May,2017,22198,10745,1187,2017-05,23584,57714
Tennessee,May,2018,20549,10028,1205,2018-05,18763,50545
Tennessee,May,2019,20921,9885,1522,2019-05,12526,44854
Tennessee,May,2020,38522,17799,1869,2020-05,8533,66723
Tennessee,May,2021,31082,14602,1634,2021-05,11159,58477
Tennessee,May,2022,26402,12876,1737,2022-05,19591,60606
Tennessee,May,2023,25911,13591,1592,2023-05,13188,54282
Tennessee,Nov,2009,12301,15026,0,2009-11,12729,40056
Tennessee,Nov,2010,14304,17217,0,2010-11,6200,37721
Tennessee,Nov,2011,16350,21019,0,2011-11,3224,40593
Tennessee,Nov,2012,22221,28279,0,2012-11,8182,58682
Tennessee,Nov,2013,19267,24267,0,2013-11,8815,52349
Tennessee,Nov,2014,21010,24913,0,2014-11,8312,54235
Tennessee,Nov,2015,28815,24023,0,2015-11,9509,62347
Tennessee,Nov,2016,29502,25976,1719,2016-11,17474,74671
Tennessee,Nov,2017,31618,23889,1635,2017-11,17602,74744
Tennessee,Nov,2018,27015,22267,2998,2018-11,19447,71727
Tennessee,Nov,2019,27826,21101,1706,2019-11,8140,58773
Tennessee,Nov,2020,37467,31625,2298,2020-11,10897,82287
Tennessee,Nov,2021,33337,24647,2018,2021-11,17439,77441
Tennessee,Nov,2022,31059,23116,2180,2022-11,16960,73315
Tennessee,Oct,2009,12770,12309,0,2009-10,10163,35242
Tennessee,Oct,2010,12943,12387,0,2010-10,9016,34346
Tennessee,Oct,2011,13883,14326,0,2011-10,10913,39122
Tennessee,Oct,2012,16835,16902,0,2012-10,5467,39204
Tennessee,Oct,2013,15858,16070,0,2013-10,9869,41797
Tennessee,Oct,2014,19184,17453,0,2014-10,7403,44040
Tennessee,Oct,2015,24423,17480,0,2015-10,8033,49936
Tennessee,Oct,2016,23542,18514,1485,2016-10,12980,56521
Tennessee,Oct,2017,21614,16131,1285,2017-10,16465,55495
Tennessee,Oct,2018,20286,13725,1303,2018-10,18915,54229
Tennessee,Oct,2019,21973,15268,1342,2019-10,5513,44096
Tennessee,Oct,2020,33275,22568,1973,2020-10,13850,71666
Tennessee,Oct,2021,30555,19445,1856,2021-10,16656,68512
Tennessee,Oct,2022,26867,17176,1776,2022-10,18334,64153
Tennessee,Sep,2009,11365,9855,0,2009-09,5863,27083
Tennessee,Sep,2010,12033,10387,0,2010-09,8508,30928
Tennessee,Sep,2011,13175,12204,0,2011-09,3445,28824
Tennessee,Sep,2012,15153,14344,0,2012-09,4956,34453
Tennessee,Sep,2013,14814,13908,0,2013-09,10865,39587
Tennessee,Sep,2014,16841,14442,0,2014-09,6139,37422
Tennessee,Sep,2015,21223,14758,0,2015-09,15240,51221
Tennessee,Sep,2016,20721,15120,0,2016-09,11512,47353
Tennessee,Sep,2017,19219,13746,1042,2017-09,16887,50894
Tennessee,Sep,2018,18721,11942,1167,2018-09,14255,46085
Tennessee,Sep,2019,20638,13292,1314,2019-09,4246,39490
Tennessee,Sep,2020,31341,19732,1661,2020-09,13713,66447
Tennessee,Sep,2021,27447,17916,1668,2021-09,14921,61952
Tennessee,Sep,2022,28479,16418,1903,2022-09,16826,63626
Tennessee,Sep,2023,22481,15142,1597,2023-09,4569,43789
Texas,Apr,2010,24481,21343,595,2010-04,9221,55640
Texas,Apr,2011,31570,25708,898,2011-04,18921,77097
Texas,Apr,2012,36296,28840,1282,2012-04,12043,78461
Texas,Apr,2013,48822,39216,2164,2013-04,29885,120087
Texas,Apr,2014,38657,30379,2127,2014-04,18481,89644
Texas,Apr,2015,41412,29218,2447,2015-04,21605,94682
Texas,Apr,2016,45339,27823,2775,2016-04,38061,113998
Texas,Apr,2017,44994,28015,3098,2017-04,21593,97700
Texas,Apr,2018,41373,27019,3930,2018-04,29547,101869
Texas,Apr,2019,38994,24009,3451,2019-04,28638,95092
Texas,Apr,2020,93980,40921,5668,2020-04,38817,179386
Texas,Apr,2021,79802,39265,5959,2021-04,51375,176401
Texas,Apr,2022,64582,28526,4137,2022-04,28691,125936
Texas,Apr,2023,56795,28584,4022,2023-04,25622,115023
Texas,Aug,2009,24624,30487,523,2009-08,15638,71272
Texas,Aug,2010,25618,30875,598,2010-08,13656,70747
Texas,Aug,2011,30112,35200,865,2011-08,10783,76960
Texas,Aug,2012,40131,44238,1693,2012-08,16917,102979
Texas,Aug,2013,38576,45538,1583,2013-08,18131,103828
Texas,Aug,2014,38172,43507,2309,2014-08,16910,100898
Texas,Aug,2015,41503,40561,2433,2015-08,24521,109018
Texas,Aug,2016,42302,40269,3137,2016-08,25803,111511
Texas,Aug,2017,37277,34884,2093,2017-08,22971,97225
Texas,Aug,2018,37819,35212,2934,2018-08,45037,121002
Texas,Aug,2019,49804,36943,3855,2019-08,29242,119844
Texas,Aug,2020,77807,43770,5975,2020-08,50347,177899
Texas,Aug,2021,64118,37508,3965,2021-08,27475,133066
Texas,Aug,2022,57617,33989,4632,2022-08,28662,124900
Texas,Aug,2023,47559,30913,3810,2023-08,27901,110183
Texas,Dec,2009,38003,55742,607,2009-12,9640,103992
Texas,Dec,2010,43197,60696,728,2010-12,10633,115254
Texas,Dec,2011,55187,73202,1288,2011-12,11735,141412
Texas,Dec,2012,98886,108058,3699,2012-12,12389,223032
Texas,Dec,2013,56566,78068,2290,2013-12,15969,152893
Texas,Dec,2014,66280,78321,3420,2014-12,18336,166357
Texas,Dec,2015,107224,80247,4585,2015-12,33163,225219
Texas,Dec,2016,69163,69272,3641,2016-12,24494,166570
Texas,Dec,2017,70767,66779,4312,2017-12,24815,166673
Texas,Dec,2018,62560,56919,4482,2018-12,28161,152122
Texas,Dec,2019,69732,53386,4713,2019-12,25456,153287
Texas,Dec,2020,79774,58650,5211,2020-12,48860,192495
Texas,Dec,2021,89626,54657,5594,2021-12,22565,172442
Texas,Dec,2022,83157,52862,5546,2022-12,25237,166802
Texas,Feb,2010,36493,27823,939,2010-02,7572,72827
Texas,Feb,2011,41341,29888,868,2011-02,9592,81689
Texas,Feb,2012,54703,40563,1424,2012-02,13453,110143
Texas,Feb,2013,76087,52208,2437,2013-02,37366,168098
Texas,Feb,2014,55417,41550,2271,2014-02,26564,125802
Texas,Feb,2015,60204,39798,3091,2015-02,17042,120135
Texas,Feb,2016,72584,37980,3156,2016-02,56900,170620
Texas,Feb,2017,56786,33238,3083,2017-02,23960,117067
Texas,Feb,2018,55634,35889,4158,2018-02,36801,132482
Texas,Feb,2019,49130,28709,3663,2019-02,37469,118971
Texas,Feb,2020,60512,29259,3956,2020-02,31375,125102
Texas,Feb,2021,53772,27829,4217,2021-02,38182,124000
Texas,Feb,2022,66796,31364,4328,2022-02,22014,124502
Texas,Feb,2023,63700,29634,4277,2023-02,26191,123802
Texas,Jan,2010,27645,26553,746,2010-01,7487,62431
Texas,Jan,2011,34251,28911,774,2011-01,10252,74188
Texas,Jan,2012,38234,34319,1196,2012-01,10360,84109
Texas,Jan,2013,89130,60897,3015,2013-01,19093,172135
Texas,Jan,2014,39174,36808,2083,2014-01,39851,117916
Texas,Jan,2015,44153,36397,2852,2015-01,18530,101932
Texas,Jan,2016,72626,38396,3756,2016-01,36269,151047
Texas,Jan,2017,42697,31314,3040,2017-01,28501,105552
Texas,Jan,2018,40443,29960,3400,2018-01,36042,109845
Texas,Jan,2019,39240,27842,3727,2019-01,37167,107976
Texas,Jan,2020,53796,29103,4092,2020-01,29676,116667
Texas,Jan,2021,84022,47149,6067,2021-01,58691,195929
Texas,Jan,2022,58532,29742,4491,2022-01,23857,116622
Texas,Jan,2023,55982,29702,4323,2023-01,28661,118668
Texas,Jul,2009,23326,20778,584,2009-07,13083,57771
Texas,Jul,2010,25133,21903,559,2010-07,9270,56865
Texas,Jul,2011,28000,24870,760,2011-07,12270,65900
Texas,Jul,2012,35783,29918,1315,2012-07,14657,81673
Texas,Jul,2013,35456,29941,1487,2013-07,21851,88735
Texas,Jul,2014,32736,28145,2088,2014-07,19340,82309
Texas,Jul,2015,41237,27981,2300,2015-07,21479,92997
Texas,Jul,2016,50499,34266,4046,2016-07,24634,113445
Texas,Jul,2017,36913,27245,2653,2017-07,19006,85817
Texas,Jul,2018,35363,23141,2882,2018-07,49290,110676
Texas,Jul,2019,34215,21520,3002,2019-07,21477,80214
Texas,Jul,2020,96689,41060,6431,2020-07,58415,202595
Texas,Jul,2021,65203,29692,4281,2021-07,25470,124646
Texas,Jul,2022,60260,27696,4489,2022-07,29812,122257
Texas,Jul,2023,47650,23317,3888,2023-07,22511,97366
Texas,Jun,2009,23978,21010,39,2009-06,16043,61070
Texas,Jun,2010,24420,19503,549,2010-06,6675,51147
Texas,Jun,2011,28911,23268,766,2011-06,16669,69614
Texas,Jun,2012,34768,28889,1311,2012-06,12168,77136
Texas,Jun,2013,34302,30708,1566,2013-06,19686,86262
Texas,Jun,2014,34426,27426,2067,2014-06,16019,79938
Texas,Jun,2015,43199,27650,2432,2015-06,21211,94492
Texas,Jun,2016,46816,33501,4013,2016-06,23267,107597
Texas,Jun,2017,48895,29119,3000,2017-06,23877,104891
Texas,Jun,2018,39032,24252,3160,2018-06,25805,92249
Texas,Jun,2019,37592,22608,3351,2019-06,25136,88687
Texas,Jun,2020,121926,45845,6857,2020-06,41486,216114
Texas,Jun,2021,71295,30634,4550,2021-06,30745,137224
Texas,Jun,2022,69148,32349,5487,2022-06,30240,137224
Texas,Jun,2023,51381,24918,3800,2023-06,28900,108999
Texas,Mar,2010,31512,25440,765,2010-03,9945,67662
Texas,Mar,2011,39750,29342,972,2011-03,15224,85288
Texas,Mar,2012,47874,37409,1596,2012-03,21989,108868
Texas,Mar,2013,64439,49206,2553,2013-03,32693,148891
Texas,Mar,2014,49169,38758,2453,2014-03,26007,116387
Texas,Mar,2015,53371,36853,2987,2015-03,23183,116394
Texas,Mar,2016,55547,31794,2985,2016-03,48497,138823
Texas,Mar,2017,55983,34308,3702,2017-03,33412,127405
Texas,Mar,2018,60134,38853,5634,2018-03,37551,142172
Texas,Mar,2019,55222,31747,4092,2019-03,34837,125898
Texas,Mar,2020,147714,61827,5897,2020-03,35688,251126
Texas,Mar,2021,95320,47817,6098,2021-03,53947,203182
Texas,Mar,2022,82218,37664,5214,2022-03,28868,153964
Texas,Mar,2023,67368,32194,4370,2023-03,32277,136209
Texas,May,2010,24476,19923,557,2010-05,8015,52971
Texas,May,2011,29323,24239,767,2011-05,17793,72122
Texas,May,2012,34541,28197,1320,2012-05,13009,77067
Texas,May,2013,41105,34669,1948,2013-05,21953,99675
Texas,May,2014,37264,29032,2209,2014-05,17072,85577
Texas,May,2015,44935,29899,2679,2015-05,21646,99159
Texas,May,2016,39446,25424,2559,2016-05,25496,92925
Texas,May,2017,42366,27991,2991,2017-05,24168,97516
Texas,May,2018,37893,24419,3348,2018-05,32974,98634
Texas,May,2019,38714,23587,3118,2019-05,28928,94347
Texas,May,2020,83977,36456,5393,2020-05,41584,167410
Texas,May,2021,72175,32613,4744,2021-05,39607,149139
Texas,May,2022,61073,26898,3881,2022-05,24665,116517
Texas,May,2023,58444,27280,3780,2023-05,23734,113238
Texas,Nov,2009,27116,36125,466,2009-11,20688,84395
Texas,Nov,2010,31451,40228,614,2010-11,11360,83653
Texas,Nov,2011,35928,49253,904,2011-11,12407,98492
Texas,Nov,2012,52840,64903,2231,2012-11,13692,133666
Texas,Nov,2013,43195,57710,1701,2013-11,16185,118791
Texas,Nov,2014,47340,58551,2544,2014-11,15978,124413
Texas,Nov,2015,56941,51670,2532,2015-11,21550,132693
Texas,Nov,2016,58778,56057,3610,2016-11,23199,141644
Texas,Nov,2017,59840,51536,3450,2017-11,33293,148119
Texas,Nov,2018,44763,43276,3437,2018-11,29090,120566
Texas,Nov,2019,57252,41942,3592,2019-11,23710,126496
Texas,Nov,2020,78827,56265,5504,2020-11,43661,184257
Texas,Nov,2021,70441,44916,3960,2021-11,18544,137861
Texas,Nov,2022,63821,41578,3964,2022-11,24862,134225
Texas,Oct,2009,24638,32633,498,2009-10,8933,66702
Texas,Oct,2010,25858,33053,565,2010-10,19990,79466
Texas,Oct,2011,30160,38398,852,2011-10,14304,83714
Texas,Oct,2012,37556,44643,1584,2012-10,13933,97716
Texas,Oct,2013,36720,44769,1455,2013-10,26877,109821
Texas,Oct,2014,39725,44864,2317,2014-10,19667,106573
Texas,Oct,2015,43428,41157,2836,2015-10,23495,110916
Texas,Oct,2016,46518,44519,3763,2016-10,34700,129500
Texas,Oct,2017,41780,39297,3633,2017-10,30780,115490
Texas,Oct,2018,34646,31100,2972,2018-10,30568,99286
Texas,Oct,2019,41994,33957,3423,2019-10,28826,108200
Texas,Oct,2020,72591,44620,5042,2020-10,57784,180037
Texas,Oct,2021,67440,38737,4157,2021-10,23384,133718
Texas,Oct,2022,56594,33532,3676,2022-10,26520,120322
Texas,Sep,2009,21498,33233,411,2009-09,9313,64455
Texas,Sep,2010,24093,34038,529,2010-09,8238,66898
Texas,Sep,2011,29410,41207,760,2011-09,11127,82504
Texas,Sep,2012,36471,45464,1454,2012-09,11425,94814
Texas,Sep,2013,33690,45571,1469,2013-09,17342,98072
Texas,Sep,2014,34837,46899,1949,2014-09,16930,100615
Texas,Sep,2015,39567,45376,2578,2015-09,20733,108254
Texas,Sep,2016,37858,42308,2888,2016-09,29142,112196
Texas,Sep,2017,39119,39416,2768,2017-09,31390,112693
Texas,Sep,2018,33746,33087,2907,2018-09,39254,108994
Texas,Sep,2019,42688,35840,3736,2019-09,27236,109500
Texas,Sep,2020,68804,46463,4888,2020-09,46746,166901
Texas,Sep,2021,71702,41561,4300,2021-09,24746,142309
Texas,Sep,2022,54688,36257,4023,2022-09,28270,123238
Texas,Sep,2023,46450,35984,3761,2023-09,23479,109674
